Date,profitMargin,P/E,P/B,PEG,D/E,ROE,ROA,dividendYield,dividendPayoutRatio,freeCashFlowPerShare,freeCashFlowMargin,quickRatio,goodwill,dcf,price,stockPrice,numberOfShares,marketCapitalization,revenue,revenueGrowth,netIncomeGrowth,freeCashFlowGrowth,dividendsperShareGrowth,fiveYDividendperShareGrowth,dividendPerShare,dividendPaid,freeCashFlow,company_age,sector
1997-12-29,0.0,0.0,0.0,0.0,0.0,0.0,0.0,0.0,0.0,0.0,0.0,0.0,0.0,0.0,0.0,0.0,0.0,0.0,0.0,0.0,0.0,0.0,0.0,0.0,0.0,0.0,0.0,46,Industrials
1998-12-28,0.0,0.0,0.0,0.0,0.0,0.0,0.0,0.0,0.0,0.0,0.0,0.0,0.0,0.0,0.0,0.0,0.0,0.0,0.0,0.0,0.0,0.0,0.0,0.0,0.0,0.0,0.0,47,Industrials
1999-12-28,0.0,0.0,0.0,0.0,0.0,0.0,0.0,0.0,0.0,0.0,0.0,0.0,0.0,0.0,0.0,0.0,0.0,0.0,0.0,0.0,0.0,0.0,0.0,0.0,0.0,0.0,0.0,48,Industrials
2000-12-28,0.0,0.0,0.0,0.0,0.0,0.0,0.0,0.0,0.0,0.0,0.0,0.0,0.0,0.0,0.0,0.0,0.0,0.0,0.0,0.0,0.0,0.0,0.0,0.0,0.0,0.0,0.0,49,Industrials
2001-12-28,0.0,0.0,0.0,0.0,0.0,0.0,0.0,0.0,0.0,0.0,0.0,0.0,0.0,0.0,0.0,0.0,0.0,0.0,0.0,0.0,0.0,0.0,0.0,0.0,0.0,0.0,0.0,50,Industrials
2002-12-30,0.0,0.0,0.0,0.0,0.0,0.0,0.0,0.0,0.0,0.0,0.0,0.0,0.0,0.0,0.0,0.0,0.0,0.0,0.0,0.0,0.0,0.0,0.0,0.0,0.0,0.0,0.0,51,Industrials
2003-12-31,0.0,0.061,0.005,0.0,1.515,0.078,0.03,1.649,0.1,0.0,0.0,0.113,0.0,853.67,76.87,0.0,0.0,0.0,0.0,0.0,0.0,0.0,0.0,0.0,126.76,0.0,0.0,52,Industrials
2004-12-31,0.0,0.04,0.004,0.0,1.345,0.098,0.093,1.042,0.041,0.0,0.0,0.401,6541000000.0,639.71,65.15,65.15,795385.0,51819273.096,0.0,0.0,0.0,0.0,0.0,0.0,67.89,53995744.73,0.0,53,Industrials
2005-12-30,0.0,0.046,0.004,0.0,1.418,0.092,0.082,0.617,0.028,0.0,0.0,0.289,6249000000.0,990.72,68.66,68.658,826407.0,56739594.774,0.0,0.0,-0.059,0.0,-0.376,-0.376,42.36,35009261.55,0.0,54,Industrials
2006-12-29,0.0,0.028,0.004,0.0,1.418,0.154,0.147,1.415,0.04,0.0,0.0,0.306,6166000000.0,657.22,72.66,72.661,865614.0,62896526.874,0.0,0.0,0.823,0.0,1.428,0.514,102.81,88997151.23,0.0,55,Industrials
2007-12-31,0.0,0.025,0.004,0.0,1.269,0.16,0.199,1.806,0.045,0.0,0.0,0.352,4806000000.0,626.61,73.54,73.538,873297.0,64220716.518,0.0,0.0,0.141,0.0,0.292,0.956,132.81,115985404.05,0.0,56,Industrials
2008-12-31,0.0,0.0,0.001,0.0,2.002,0.0,0.0,3.284,0.0,0.0,0.0,0.368,4981000000.0,930.96,17.52,17.519,834204.0,14614204.651,0.0,0.0,-1.0,0.0,-0.567,-0.152,57.54,47996494.4,0.0,57,Industrials
2009-12-31,0.0,110.73,-8.238,-1516.245,1.845,-0.074,-0.077,-0.0,-0.042,-0.0,0.0,0.47,5051000000.0,1803.97,28.63,28.628,834204.0,23881746.44,0.0,0.0,0.0,0.0,-0.188,-0.311,-0.0,-0.0,-0.0,58,Industrials
2010-12-31,0.012,158.681,2.961,675.524,1.887,0.019,0.006,0.003,0.492,1.121,0.059,0.656,5119000000.0,37.66,36.27,36.274,1111111111.0,40304848884.858,21013000000.0,0.0,1.275,0.0,-0.998,-0.997,0.11,120899999.99,1245555555.431,59,Industrials
2011-12-30,0.024,408.542,18.031,16835.62,1.898,0.044,0.015,0.001,0.214,0.084,0.004,0.645,5251000000.0,24.95,23.21,23.208,1111111111.0,25787107775.199,24951000000.0,0.187,1.406,-0.273,0.048,-0.999,0.02,25788888.89,93333333.324,60,Industrials
2012-12-31,0.0,89.585,1.1,251.707,1.792,0.012,0.013,0.0,0.012,0.0,0.0,0.626,5170000000.0,22.33,19.79,19.79,733333333.0,14512744393.403,0.0,-1.0,-0.735,-1.0,-0.977,-1.0,0.0,0.0,0.0,61,Industrials
2013-12-31,0.0,-8.782,1.86,-24.676,2.098,-0.212,-0.216,0.004,-0.034,0.0,0.0,0.548,3415000000.0,28.83,26.87,26.874,733333333.0,19707646191.042,0.0,0.0,-14.852,0.0,37.5,-0.998,0.11,78818666.63,0.0,62,Industrials
2014-12-31,0.011,91.927,2.002,246.547,2.039,0.022,0.007,0.007,0.601,0.65,0.012,0.941,5247000000.0,39.48,35.19,35.195,438000000.0,15415356564.0,23906000000.0,0.0,1.119,0.0,2.501,-0.992,0.25,107892540.0,284700000.0,63,Industrials
2015-12-31,-0.026,-111.227,2.973,-930.993,2.028,-0.027,-0.009,0.006,-0.693,0.184,0.006,0.845,5249000000.0,19.5,16.39,16.394,438000000.0,7180699458.0,12413000000.0,-0.481,-2.201,-0.116,0.385,3.526,0.1,43072920.0,80592000.0,64,Industrials
2016-12-30,-0.076,-14.944,2.749,-35.786,2.917,-0.184,-0.047,0.016,-0.242,-0.408,-0.014,1.577,5148000000.0,26.75,22.5,22.5,438275079.0,9861189277.5,12394000000.0,-0.002,-1.922,-1.634,0.022,3.412,0.36,157779028.44,-178816232.232,65,Industrials
2017-12-29,-0.006,-178.307,2.687,-301.277,2.812,-0.015,-0.004,0.012,-2.189,0.238,0.008,1.248,4535000000.0,34.69,29.92,29.92,450875943.0,13490208214.56,12960000000.0,0.046,0.921,1.412,-0.309,130.744,0.36,161882498.57,107308474.434,66,Industrials
2018-12-31,0.046,14.068,1.621,26.017,2.354,0.115,0.034,0.013,0.185,-1.141,-0.039,1.072,4500000000.0,23.43,18.71,18.71,482879501.0,9034674980.83,14014000000.0,0.081,9.676,-6.248,-0.314,1.347,0.24,117450781.03,-550965510.641,67,Industrials
2019-12-31,0.033,28.909,2.949,49.424,2.812,0.102,0.027,0.004,0.121,-0.403,-0.013,0.751,4493000000.0,34.14,30.45,30.45,446217357.0,13587318966.867,14192000000.0,0.013,-0.268,0.673,-0.482,-0.652,0.12,54349274.08,-179825594.871,68,Industrials
2020-12-31,0.05,40.979,2.99,68.32,2.199,0.073,0.023,0.001,0.042,-0.593,-0.049,1.185,4102000000.0,28.28,24.58,24.58,435134173.0,10695597972.34,5259000000.0,-0.629,-0.445,-0.433,-0.802,-0.95,0.02,10695597.97,-258034564.589,69,Industrials
2021-12-31,0.052,51.267,3.77,84.462,1.913,0.074,0.025,0.001,0.074,0.581,0.051,0.91,4067000000.0,32.41,30.76,30.76,435134173.0,13384727161.48,4972000000.0,-0.055,-0.011,1.969,0.727,-0.916,0.03,13384727.16,252812954.513,70,Industrials
