Date,profitMargin,P/E,P/B,PEG,D/E,ROE,ROA,dividendYield,dividendPayoutRatio,quickRatio,goodwill,dcf,price,stockPrice,numberOfShares,marketCapitalization,revenue,ebitda,revenueGrowth,netIncomeGrowth,freeCashFlowGrowth,dividendsperShareGrowth,fiveYDividendperShareGrowth,dividendPerShare,dividendPaid,ebitdaMargin,company_age,sector
1997-12-31,0.236,13.961,2.013,1.119,11.399,0.144,0.012,0.023,0.324,0.069,0.0,38.98,29.94,29.938,1434900000.0,42957318750.0,13053000000.0,14342000000.0,0.3,0.296,-0.903,0.135,0.713,0.69,988100838.0,1.099,18,Financial Services
1998-12-31,0.164,22.426,2.521,4.342,12.446,0.112,0.008,0.022,0.504,0.074,0.0,43.55,33.44,33.438,3464114000.0,115831311875.0,31504000000.0,30336000000.0,1.414,0.679,73.142,0.083,0.791,0.74,2548479387.52,0.963,19,Financial Services
1999-12-31,0.242,10.018,1.777,1.933,13.237,0.177,0.012,0.041,0.406,0.067,0.0,32.09,22.88,22.875,3452012000.0,78964774500.0,32546000000.0,33218000000.0,0.033,0.526,-0.006,0.233,0.932,0.94,3238263416.96,1.021,20,Financial Services
2000-12-29,0.228,12.149,1.917,2.236,12.483,0.158,0.012,0.037,0.451,0.072,0.0,37.75,27.74,27.735,3292796000.0,91325700352.796,32956000000.0,38388000000.0,0.013,-0.046,-0.555,0.11,0.95,1.03,3379659958.48,1.165,21,Financial Services
2001-12-31,0.193,14.48,2.027,2.581,11.815,0.14,0.011,0.037,0.535,0.07,0.0,41.1,30.83,30.83,3189914000.0,98345048620.0,35113000000.0,29852000000.0,0.065,-0.096,-3.955,0.107,0.862,1.14,3638766798.94,0.85,22,Financial Services
2002-12-31,0.263,11.292,2.076,1.918,12.125,0.184,0.014,0.036,0.401,1.26,0.0,44.81,34.36,34.355,3040084000.0,104442085820.0,35124000000.0,25333000000.0,0.0,0.362,0.052,0.072,0.758,1.24,3760462304.64,0.721,23,Financial Services
2003-12-31,0.278,11.203,2.524,1.862,14.349,0.225,0.015,0.035,0.396,0.827,0.0,52.55,40.73,40.73,2973406000.0,121106826380.0,38827000000.0,27147000000.0,0.105,0.169,2.862,0.18,0.915,1.43,4238738923.3,0.699,24,Financial Services
2004-12-31,0.277,12.145,1.724,2.551,10.144,0.142,0.013,0.038,0.457,0.525,0.0,56.69,45.7,45.7,3758507000.0,171763773658.507,51017000000.0,37287000000.0,0.314,0.308,-1.2,0.195,0.857,1.74,6527023256.2,0.731,25,Financial Services
2005-12-30,0.288,10.829,1.756,2.426,11.723,0.162,0.013,0.043,0.467,0.428,0.0,56.9,44.48,44.48,4008688000.0,178306442240.0,57175000000.0,54137000000.0,0.121,0.164,-1.792,0.114,0.863,1.91,7667177016.32,0.947,26,Financial Services
2006-12-29,0.305,11.164,1.744,2.824,9.791,0.156,0.014,0.041,0.457,1.874,65662000000.0,63.25,52.12,52.12,4526637000.0,235928315913.363,69391000000.0,78836000000.0,0.214,0.284,2.023,0.114,0.874,2.14,9673061138.04,1.136,27,Financial Services
2007-12-31,0.241,12.463,1.272,3.081,10.687,0.102,0.009,0.058,0.726,1.518,77530000000.0,54.49,42.21,42.21,4423579000.0,186719265166.421,62255000000.0,76639000000.0,-0.103,-0.291,-0.354,0.152,1.016,2.45,10829717636.22,1.231,28,Financial Services
2008-12-31,0.055,7.539,0.171,1.935,9.268,0.023,0.002,0.382,2.876,2.161,81934000000.0,15.82,6.58,6.58,4592085000.0,30215919300.0,72243000000.0,48071000000.0,0.16,-0.732,-0.782,0.021,0.744,2.51,11542481172.6,0.665,29,Financial Services
2009-12-31,0.057,18.693,0.507,8.074,8.606,0.027,0.003,0.041,0.775,7.926,86314000000.0,34.01,15.18,15.18,7728570000.0,117319692600.0,109629000000.0,39481000000.0,0.518,0.566,64.853,-0.749,-0.634,0.62,4810107396.6,0.36,30,Financial Services
2010-12-31,-0.021,-59.495,0.583,-32.552,8.923,-0.01,-0.001,0.013,-0.787,9.673,73861000000.0,27.37,13.6,13.6,9790472000.0,133150419200.0,104960000000.0,26563000000.0,-0.043,-1.357,-0.36,-0.714,-0.906,0.18,1730955449.6,0.253,31,Financial Services
2011-12-30,0.017,49.591,0.312,28.109,8.253,0.006,0.001,0.024,1.202,14.319,69967000000.0,21.48,7.07,7.07,10142625000.0,71708358750.0,86094000000.0,24875000000.0,-0.18,1.646,-0.226,-0.048,-0.92,0.17,1721000610.0,0.289,32,Financial Services
2012-12-31,0.052,29.2,0.516,17.536,8.327,0.018,0.002,0.016,0.456,16.647,69976000000.0,23.43,11.38,11.38,10746028000.0,122289798640.0,81264000000.0,22854000000.0,-0.056,1.896,-1.219,0.037,-0.928,0.18,1956636778.24,0.281,33,Financial Services
2013-12-31,0.133,15.894,0.781,9.531,8.035,0.049,0.005,0.009,0.147,10.787,69844000000.0,30.24,16.93,16.93,10731165000.0,181678623450.0,86041000000.0,31610000000.0,0.059,1.729,7.66,-0.12,-0.938,0.15,1635107611.05,0.367,34,Financial Services
2014-12-31,0.058,33.002,0.655,19.416,7.644,0.02,0.002,0.014,0.477,17.752,69777000000.0,29.03,15.15,15.15,10527818000.0,159496442700.0,83117000000.0,20311000000.0,-0.034,-0.577,-0.723,0.402,-0.652,0.21,2232950197.8,0.244,35,Financial Services
2015-12-31,0.193,9.311,0.577,5.444,7.37,0.062,0.007,0.024,0.225,20.464,69761000000.0,30.11,14.14,14.14,10462282000.0,147936667480.0,82246000000.0,35092000000.0,-0.01,2.287,0.084,0.56,0.898,0.34,3550480019.52,0.427,36,Financial Services
2016-12-30,0.214,13.181,0.885,7.576,7.199,0.067,0.008,0.018,0.234,22.241,68969000000.0,38.27,22.95,22.95,10284147000.0,236021183934.147,83701000000.0,37355000000.0,0.018,0.127,-0.34,0.194,1.38,0.41,4248381125.7,0.446,37,Financial Services
2017-12-29,0.209,17.828,1.217,10.158,7.539,0.068,0.008,0.018,0.313,16.984,68951000000.0,48.42,31.88,31.88,10195646000.0,325037184284.354,87352000000.0,44228000000.0,0.044,0.018,-0.432,0.371,2.147,0.57,5850669500.64,0.506,38,Financial Services
2018-12-31,0.308,10.428,1.106,5.884,7.874,0.106,0.012,0.023,0.245,24.888,68951000000.0,47.38,29.07,29.07,10096500000.0,293505255000.0,91247000000.0,55984000000.0,0.045,0.544,2.799,0.222,3.37,0.67,6750620865.0,0.614,39,Financial Services
2019-12-31,0.301,11.462,1.187,6.015,8.192,0.104,0.011,0.019,0.216,20.243,68951000000.0,51.44,33.48,33.48,9390500000.0,314393940000.0,91244000000.0,56828000000.0,-0.0,-0.025,0.563,-0.075,1.885,0.64,5973484860.0,0.623,40,Financial Services
2020-12-31,0.209,14.504,0.951,7.095,9.331,0.066,0.006,0.03,0.432,36.368,68951000000.0,73.86,29.65,29.65,8753200000.0,259532380000.0,85528000000.0,29063000000.0,-0.063,-0.348,-0.385,0.397,1.584,0.89,7785971400.0,0.34,41,Financial Services
2021-12-31,0.359,11.8,1.397,5.425,10.736,0.118,0.01,0.021,0.252,31.22,69022000000.0,86.47,45.87,45.87,8753200000.0,401509275246.8,89113000000.0,40612000000.0,0.042,0.787,-1.189,0.042,1.257,0.96,8431694964.0,0.456,42,Financial Services
