Date,profitMargin,P/E,P/B,PEG,D/E,ROE,ROA,dividendYield,dividendPayoutRatio,freeCashFlowPerShare,freeCashFlowMargin,quickRatio,goodwill,dcf,price,stockPrice,numberOfShares,marketCapitalization,revenue,revenueGrowth,netIncomeGrowth,freeCashFlowGrowth,dividendsperShareGrowth,fiveYDividendperShareGrowth,dividendPerShare,dividendPaid,freeCashFlow,company_age,sector
1997-12-31,0.119,17.605,2.32,0.351,15.412,0.132,0.008,0.011,0.189,-4.313,-0.036,0.148,0.0,266.1,247.81,247.812,220514487.0,54646246309.688,26166000000.0,0.343,0.332,0.478,0.335,3.18,2.73,601102645.26,-951078982.431,0,Financial Services
1998-12-31,0.119,21.648,2.665,0.879,13.176,0.123,0.009,0.015,0.318,6.779,0.062,0.081,0.0,337.13,280.31,280.312,448468788.0,125711407136.25,48936000000.0,0.87,0.871,4.197,0.546,3.349,4.2,1885654289.46,3040169913.852,0,Financial Services
1999-12-31,0.172,18.963,3.427,0.763,12.129,0.181,0.014,0.011,0.2,17.057,0.132,0.082,0.0,483.0,420.94,420.938,444508887.0,187110459621.562,57237000000.0,0.17,0.699,1.494,0.078,2.211,4.63,2058227279.83,7581988085.559,0,Financial Services
2000-12-29,0.18,20.69,4.225,0.932,12.627,0.204,0.015,0.009,0.196,0.852,0.006,0.078,0.0,623.85,562.0,562.0,497700000.0,279707400000.0,75188000000.0,0.314,0.37,-0.944,0.201,1.977,5.06,2517366600.0,424040400.0,0,Financial Services
2001-12-31,0.176,16.92,2.942,0.771,11.941,0.174,0.013,0.013,0.225,49.295,0.31,0.086,0.0,549.99,475.0,475.0,503170000.0,239005750000.0,80057000000.0,0.065,0.045,57.5,0.187,2.175,6.17,3107074750.0,24803765150.0,0,Financial Services
2002-12-31,0.214,11.369,2.003,0.523,11.652,0.176,0.014,0.021,0.241,56.14,0.4,1.136,0.0,408.38,342.0,342.0,507800000.0,173667600000.0,71308000000.0,-0.109,0.081,0.149,0.144,1.719,7.18,3647019600.0,28507892000.0,0,Financial Services
2003-12-31,0.231,14.116,2.571,0.651,11.896,0.182,0.014,0.023,0.323,-33.786,-0.222,1.15,0.0,575.15,494.8,494.8,509330000.0,252016477786.174,77442000000.0,0.086,0.169,-1.604,0.566,1.754,11.38,5796379132.0,-17208223380.0,0,Financial Services
2004-12-31,0.198,14.495,2.261,0.67,12.579,0.156,0.011,0.034,0.491,-10.603,-0.063,1.528,0.0,576.7,483.8,483.8,510720000.0,247086329769.216,86190000000.0,0.113,-0.045,0.685,0.447,2.694,16.45,8400935424.0,-5415164160.0,0,Financial Services
2005-12-30,0.294,9.649,2.108,0.443,12.276,0.218,0.016,0.039,0.374,62.75,0.38,1.466,0.0,577.28,468.2,468.2,506760000.0,237265038182.472,83642000000.0,-0.03,0.443,6.872,0.106,2.4,18.26,9253336248.0,31799190000.0,0,Financial Services
2006-12-29,0.24,12.315,2.214,0.545,14.731,0.18,0.011,0.037,0.456,-8.453,-0.046,2.701,33415000000.0,683.96,542.7,542.7,488730000.0,265233776962.506,89615000000.0,0.071,-0.124,-1.13,0.109,2.176,20.08,9813649527.0,-4131234690.0,0,Financial Services
2007-12-31,0.044,37.814,1.204,1.679,18.258,0.032,0.002,0.079,2.98,-153.763,-0.923,2.064,41204000000.0,498.08,278.8,278.8,490580000.0,136773698014.924,81698000000.0,-0.088,-0.832,-17.26,0.093,2.035,22.03,10805122616.0,-75433052540.0,0,Financial Services
2008-12-31,-0.524,-0.675,0.132,-0.032,12.687,-0.195,-0.014,0.403,-0.272,178.522,1.781,2.947,27132000000.0,414.55,35.5,35.5,526540000.0,18692170000.0,52793000000.0,-0.354,-8.654,2.246,-0.349,0.261,14.31,7532944510.0,93998973880.0,0,Financial Services
2009-12-31,-0.02,-23.915,0.252,-2.504,11.144,-0.011,-0.001,0.084,-2.016,-49.156,-0.708,5.302,25392000000.0,199.94,33.2,33.2,1156830000.0,38406756925.464,80285000000.0,0.521,0.942,-1.605,-0.804,-0.829,2.79,3226167504.0,-56865135480.0,0,Financial Services
2010-12-31,0.121,12.811,0.831,3.337,10.694,0.065,0.006,0.0,0.001,11.58,0.38,5.284,26152000000.0,113.37,47.2,47.2,2877600000.0,135822722302.08,87583000000.0,0.091,7.601,1.586,-0.999,-1.0,0.0,0.0,33322608000.0,0,Financial Services
2011-12-30,0.139,7.948,0.495,2.094,9.529,0.062,0.006,0.001,0.01,14.191,0.518,6.758,25413000000.0,93.63,30.23,30.23,2909800000.0,87963252545.1,79653000000.0,-0.091,0.044,0.239,10.757,-0.998,0.03,87963254.0,41292971800.0,0,Financial Services
2012-12-31,0.106,16.303,0.65,4.325,8.853,0.04,0.004,0.001,0.019,3.64,0.149,6.396,25673000000.0,89.24,41.95,41.95,2930600000.0,122938672344.48,71435000000.0,-0.103,-0.319,-0.742,0.327,-0.998,0.04,122938670.0,10667384000.0,1,Financial Services
2013-12-31,0.176,10.724,0.718,2.947,8.193,0.067,0.007,0.002,0.023,17.761,0.696,6.598,25009000000.0,113.81,48.3,48.3,3035800000.0,146629137571.36,77498000000.0,0.085,0.813,4.055,1.12,-0.993,0.1,293258280.0,53918843800.0,2,Financial Services
2014-12-31,0.094,19.462,0.676,5.341,7.745,0.035,0.004,0.004,0.087,13.87,0.54,6.242,23592000000.0,99.79,46.95,46.95,3031500000.0,142328927425.2,77920000000.0,0.005,-0.465,-0.22,1.019,-0.925,0.19,569315700.0,42046905000.0,3,Financial Services
2015-12-31,0.223,7.419,0.577,2.017,6.798,0.078,0.01,0.01,0.073,12.163,0.472,11.537,22349000000.0,86.89,42.58,42.58,3004000000.0,127910325407.2,77472000000.0,-0.006,1.358,-0.131,0.998,132.364,0.43,1279103200.0,36537652000.0,4,Financial Services
2016-12-30,0.21,10.964,0.726,2.866,6.956,0.066,0.008,0.014,0.153,17.72,0.721,9.531,21659000000.0,112.18,56.61,56.61,2888100000.0,163495342732.86,71020000000.0,-0.083,-0.135,0.401,0.898,20.534,0.79,2288934774.0,51177132000.0,5,Financial Services
2017-12-29,-0.094,-31.209,1.057,-7.623,8.174,-0.034,-0.004,0.018,-0.559,-4.428,-0.164,7.487,22256000000.0,145.51,78.62,78.62,2698500000.0,212156077285.95,72698000000.0,0.024,-1.456,-1.233,0.777,27.836,1.42,3818809260.0,-11948958000.0,6,Financial Services
2018-12-31,0.244,8.873,0.816,2.003,8.767,0.092,0.009,0.031,0.278,13.307,0.448,8.896,22046000000.0,139.66,64.22,64.22,2493300000.0,160119728991.96,74036000000.0,0.018,3.654,3.777,0.431,18.466,1.99,4963711506.0,33178343100.0,7,Financial Services
2019-12-31,0.258,8.977,0.901,1.828,9.093,0.1,0.01,0.031,0.281,-8.08,-0.242,9.042,22126000000.0,163.65,77.43,77.43,2249200000.0,174155556674.76,75067000000.0,0.014,0.075,-1.548,0.203,10.598,2.4,5398822236.0,-18173536000.0,8,Financial Services
2020-12-31,0.146,10.949,0.606,2.067,10.328,0.055,0.005,0.044,0.484,-11.538,-0.319,16.822,22162000000.0,206.43,57.99,57.99,2085800000.0,120955545545.86,75494000000.0,0.006,-0.431,-0.324,0.06,5.152,2.55,5322043848.0,-24065960400.0,9,Financial Services
2021-12-31,0.305,5.848,0.636,1.05,10.342,0.109,0.01,0.04,0.237,28.791,0.795,6.766,21299000000.0,196.74,64.69,64.69,1984300000.0,128364371762.32,71887000000.0,-0.048,0.987,3.374,0.021,2.308,2.59,5134574680.0,57129981300.0,10,Financial Services
