Date,profitMargin,P/E,P/B,PEG,D/E,ROE,ROA,dividendYield,dividendPayoutRatio,freeCashFlowPerShare,freeCashFlowMargin,quickRatio,goodwill,dcf,price,stockPrice,numberOfShares,marketCapitalization,revenue,revenueGrowth,netIncomeGrowth,freeCashFlowGrowth,dividendsperShareGrowth,fiveYDividendperShareGrowth,dividendPerShare,dividendPaid,freeCashFlow,company_age,sector
1997-12-31,0.09,5.446,1.179,-0.426,1.879,0.217,0.075,0.077,0.419,3.309,0.038,0.707,0.0,43.72,42.7,42.698,230599769.0,9846170382.541,20018000000.0,-0.002,-0.052,-0.629,0.081,0.263,3.29,758188980.5,763054635.621,0,Basic Materials
1998-12-31,0.071,7.128,1.167,-0.54,1.977,0.164,0.055,0.084,0.6,6.264,0.076,0.681,0.0,42.33,41.78,41.779,223499776.0,9337573897.527,18441000000.0,-0.079,-0.275,0.835,0.07,0.344,3.51,784376933.87,1400002596.864,0,Basic Materials
1999-12-31,0.07,9.002,1.291,-0.671,1.747,0.143,0.052,0.064,0.579,5.175,0.06,0.925,0.0,56.74,54.44,54.44,220099779.0,11982246715.445,18929000000.0,0.026,0.016,-0.186,-0.004,0.338,3.48,766862846.0,1139016356.325,0,Basic Materials
2000-12-29,0.066,7.059,1.058,-0.539,1.738,0.15,0.055,0.073,0.518,-0.599,-0.006,0.723,0.0,48.35,47.39,47.395,225333108.0,10679636064.353,23008000000.0,0.215,0.137,-1.119,-0.008,0.217,3.46,779533127.13,-134974531.692,0,Basic Materials
2001-12-31,-0.014,-31.604,1.176,3.219,2.431,-0.037,-0.011,0.087,-2.761,0.672,0.007,0.66,0.0,41.21,40.48,40.478,300599699.0,12167611790.785,27805000000.0,0.208,-1.254,2.496,0.018,0.163,3.52,1058639995.95,202002997.728,0,Basic Materials
2002-12-31,-0.012,-35.784,1.586,3.68,4.14,-0.044,-0.009,0.101,-3.601,1.598,0.018,0.797,0.0,44.74,39.85,39.852,303499696.0,12094934827.627,27609000000.0,-0.007,0.122,1.401,0.134,0.22,4.02,1221540751.45,484992514.208,0,Basic Materials
2003-12-31,0.053,10.57,1.993,-1.097,3.525,0.189,0.041,0.067,0.71,8.751,0.082,0.866,0.0,67.52,59.71,59.706,306266360.0,18285989824.109,32632000000.0,0.182,6.118,4.526,0.001,0.141,4.0,1225240011.83,2680136916.36,0,Basic Materials
2004-12-31,0.07,7.842,1.788,-0.833,2.703,0.228,0.061,0.057,0.448,4.267,0.033,1.004,0.0,79.91,70.0,69.996,313366353.0,21934518784.694,40161000000.0,0.231,0.617,-0.501,-0.004,0.141,3.99,1250331748.47,1337134228.251,0,Basic Materials
2005-12-30,0.098,4.299,1.267,-0.468,1.976,0.295,0.098,0.066,0.285,8.961,0.062,1.103,0.0,72.31,60.46,60.46,321066345.0,19411831430.806,46307000000.0,0.153,0.614,1.152,0.003,0.154,3.99,1281170300.43,2877075517.545,0,Basic Materials
2006-12-29,0.076,5.056,1.103,-0.55,1.65,0.218,0.082,0.075,0.377,6.768,0.044,1.034,3242000000.0,67.29,58.7,58.696,320766345.0,18827587193.301,49124000000.0,0.061,-0.175,-0.245,0.092,0.238,4.4,1412173833.86,2170946622.96,0,Basic Materials
2007-12-31,0.054,5.917,0.881,-0.637,1.496,0.149,0.059,0.089,0.524,7.488,0.044,0.918,3572000000.0,59.24,53.77,53.771,317699682.0,17083070901.781,53513000000.0,0.089,-0.225,0.096,0.087,0.187,4.79,1520361359.2,2378935218.816,0,Basic Materials
2008-12-31,0.01,8.836,0.379,-0.929,2.366,0.043,0.013,0.314,2.777,7.648,0.041,0.737,3394000000.0,25.52,16.5,16.496,310133023.0,5115859756.836,57514000000.0,0.075,-0.799,-0.003,0.089,0.292,5.18,1606799192.16,2371897359.904,0,Basic Materials
2009-12-31,0.014,20.69,0.652,-2.438,2.18,0.032,0.01,0.077,1.59,-0.138,-0.001,0.919,13114000000.0,46.74,38.56,38.556,347732985.0,13407324064.995,44875000000.0,-0.22,0.119,-1.02,-0.429,-0.259,2.97,1032460960.42,-47987151.93,0,Basic Materials
2010-12-31,0.043,8.107,0.858,-1.031,2.15,0.106,0.033,0.054,0.439,5.135,0.036,1.157,12967000000.0,68.66,49.9,49.9,375299624.0,18727390063.761,53674000000.0,0.196,2.565,41.146,-0.088,-0.326,2.69,1011282366.83,1927163569.24,0,Basic Materials
2011-12-30,0.046,6.598,0.812,-0.856,2.055,0.123,0.04,0.07,0.459,2.739,0.017,1.105,12930000000.0,61.45,47.24,47.238,382999617.0,18092259616.722,59985000000.0,0.118,0.187,-0.456,0.216,-0.25,3.31,1266503133.5,1049035950.963,0,Basic Materials
2012-12-31,0.021,16.249,0.92,-2.147,2.287,0.057,0.017,0.107,1.734,3.747,0.026,1.218,12739000000.0,60.33,49.26,49.259,389899610.0,19206207202.348,56786000000.0,-0.053,-0.569,0.393,0.601,0.105,5.27,2055090662.38,1460953838.67,0,Basic Materials
2013-12-31,0.084,5.327,0.948,-0.714,1.546,0.178,0.069,0.058,0.309,13.963,0.097,1.302,12798000000.0,79.51,64.49,64.488,395399604.0,25498668052.613,57080000000.0,0.005,3.05,2.779,-0.289,-0.279,3.74,1478960586.79,5520964670.652,0,Basic Materials
2014-12-31,0.065,6.651,1.119,-0.88,2.027,0.168,0.055,0.081,0.536,7.507,0.05,1.296,12632000000.0,78.76,64.27,64.275,390299609.0,25086454287.728,58167000000.0,0.019,-0.212,-0.469,0.384,0.747,5.21,2031849025.5,2929979164.763,0,Basic Materials
2015-12-31,0.158,2.93,0.887,-0.374,1.649,0.303,0.113,0.1,0.293,9.796,0.076,1.464,12154000000.0,82.55,59.78,59.777,376699623.0,22518096921.547,48778000000.0,-0.161,1.037,0.259,0.156,1.214,5.98,2251910346.29,3690149506.908,0,Basic Materials
2016-12-30,0.09,7.323,1.217,-0.917,2.012,0.166,0.054,0.078,0.57,3.72,0.029,1.24,15272000000.0,103.5,85.61,85.61,369366297.0,31621327903.391,48158000000.0,-0.013,-0.438,-0.628,0.114,1.029,6.68,2466472997.52,1374042624.84,0,Basic Materials
2017-12-29,0.023,38.568,0.561,-6.882,0.899,0.015,0.008,0.06,2.325,9.502,0.08,1.197,59527000000.0,132.45,106.93,106.93,526599473.0,56309418563.753,62484000000.0,0.297,-0.662,2.642,-0.033,0.226,6.42,3378556898.87,5003748192.446,0,Basic Materials
2018-12-31,0.045,16.835,0.684,-4.376,0.971,0.041,0.02,0.054,0.908,0.991,0.009,1.252,59032000000.0,101.95,84.37,84.371,766999233.0,64712821330.114,85977000000.0,0.376,1.633,-0.848,-0.294,0.217,4.56,3494433165.56,760096239.903,1,Basic Materials
2019-12-31,0.023,79.006,0.96,-19.98,0.679,0.012,0.007,0.041,3.235,-1.699,-0.059,0.64,33151000000.0,54.78,52.72,52.72,746300000.0,39344936746.3,21512000000.0,-0.75,-0.87,-2.668,-0.526,-0.583,2.16,1613142376.0,-1267963700.0,2,Basic Materials
2020-12-31,-0.145,-19.802,1.518,4.935,0.827,-0.077,-0.042,0.015,-0.299,3.849,0.139,1.297,30244000000.0,82.91,79.45,79.45,735500000.0,58435472793.5,20397000000.0,-0.052,-6.926,3.233,-0.444,-0.799,1.19,876532125.0,2830939500.0,3,Basic Materials
2021-12-31,0.391,6.089,1.467,-1.076,0.69,0.241,0.143,-0.0,-0.001,2.665,0.083,0.649,19578000000.0,79.93,76.07,76.07,521500000.0,39670505000.0,16653000000.0,-0.184,3.191,-1.338,0.007,-0.819,-0.0,-0.0,1389797500.0,4,Basic Materials
