Date,profitMargin,P/E,P/B,PEG,D/E,ROE,ROA,dividendYield,dividendPayoutRatio,quickRatio,goodwill,dcf,price,stockPrice,numberOfShares,marketCapitalization,revenue,ebitda,revenueGrowth,netIncomeGrowth,freeCashFlowGrowth,dividendsperShareGrowth,fiveYDividendperShareGrowth,dividendPerShare,dividendPaid,ebitdaMargin,company_age,sector
1997-12-31,0.0,0.0,0.0,0.0,0.0,0.0,0.0,0.0,0.0,0.0,0.0,0.0,0.0,0.0,0.0,0.0,24495000000.0,2493000000.0,0.0,0.0,0.0,0.0,0.0,0.0,0.0,0.102,63,Industrials
1998-12-31,0.0,0.0,0.0,0.0,0.0,0.0,0.0,0.0,0.0,0.0,0.0,0.0,0.0,0.0,0.0,0.0,25687000000.0,2732000000.0,0.0,0.0,0.0,0.0,0.0,0.0,0.0,0.106,64,Industrials
1999-12-31,0.0,0.0,0.0,0.0,0.0,0.0,0.0,0.0,0.0,0.0,0.0,0.0,0.0,0.0,0.0,0.0,23844000000.0,2700000000.0,0.0,0.0,0.0,0.0,0.0,0.0,0.0,0.113,65,Industrials
2000-12-29,0.0,0.0,0.0,0.0,0.0,0.0,0.0,0.0,0.0,0.0,0.0,0.0,0.0,0.0,0.0,0.0,26206000000.0,3520000000.0,0.0,0.0,0.0,0.0,0.0,0.0,0.0,0.134,66,Industrials
2001-12-31,0.069,10.071,2.332,-2.691,2.157,0.232,0.072,0.022,0.218,0.675,6802000000.0,22.41,20.76,20.755,940400000.0,19518182556.8,27897000000.0,4024000000.0,0.065,0.072,0.336,-0.271,0.0,0.46,429499488.0,0.144,67,Industrials
2002-12-31,0.079,8.39,2.245,-2.252,2.411,0.268,0.077,0.025,0.207,0.804,6981000000.0,22.06,19.86,19.855,944800000.0,18759244924.0,28212000000.0,4231000000.0,0.011,0.154,0.084,0.087,0.087,0.5,469093200.0,0.15,68,Industrials
2003-12-31,0.076,12.066,2.433,-3.249,1.899,0.202,0.068,0.019,0.226,0.661,9329000000.0,31.78,30.06,30.063,947600000.0,28487635310.8,31034000000.0,4476000000.0,0.1,0.056,0.034,0.15,0.25,0.57,541212264.0,0.144,69,Industrials
2004-12-31,0.074,11.282,2.245,-3.142,1.793,0.199,0.07,0.021,0.237,0.663,10111000000.0,34.41,32.1,32.096,980000000.0,31453743860.0,37445000000.0,5214000000.0,0.207,0.181,0.238,0.197,0.497,0.67,660618000.0,0.139,70,Industrials
2005-12-30,0.072,11.86,2.142,-3.34,1.657,0.181,0.067,0.023,0.271,0.618,13007000000.0,38.99,36.73,36.728,991000000.0,36396953491.0,42725000000.0,5804000000.0,0.141,0.101,0.173,0.247,0.866,0.84,837186890.0,0.136,71,Industrials
2006-12-29,0.078,11.064,2.387,-3.081,1.677,0.216,0.079,0.023,0.255,0.672,14146000000.0,44.73,42.13,42.133,980000000.0,41290746700.0,47829000000.0,6865000000.0,0.119,0.216,0.13,0.156,1.157,0.97,949610200.0,0.144,72,Industrials
2007-12-31,0.077,10.449,2.067,-2.862,1.513,0.198,0.077,0.024,0.256,0.673,16120000000.0,48.8,45.78,45.784,964000000.0,44135305568.0,54759000000.0,7899000000.0,0.145,0.132,0.085,0.154,1.291,1.1,1059166080.0,0.144,73,Industrials
2008-12-31,0.08,6.042,1.78,-1.61,2.484,0.295,0.083,0.043,0.258,0.692,15363000000.0,34.81,30.2,30.201,938000000.0,28328899130.0,58681000000.0,8582000000.0,0.072,0.11,0.184,0.151,1.293,1.3,1218086800.0,0.146,74,Industrials
2009-12-31,0.072,10.17,1.941,-2.65,1.732,0.191,0.069,0.035,0.354,0.721,16298000000.0,47.32,42.47,42.467,917000000.0,38942203237.0,52920000000.0,7373000000.0,-0.098,-0.183,-0.085,0.146,1.196,1.49,1363074650.0,0.139,75,Industrials
2010-12-31,0.08,10.641,2.176,-2.746,1.676,0.204,0.075,0.032,0.339,0.734,17721000000.0,55.74,51.25,51.246,908000000.0,46531428836.0,54326000000.0,8306000000.0,0.027,0.142,0.114,0.104,0.944,1.64,1489120000.0,0.153,76,Industrials
2011-12-30,0.086,8.75,1.991,-2.218,1.749,0.228,0.081,0.037,0.322,0.833,17943000000.0,55.52,48.84,48.842,892000000.0,43567097004.0,58190000000.0,9230000000.0,0.071,0.139,0.112,0.1,0.851,1.81,1611915360.0,0.159,77,Industrials
2012-12-31,0.089,9.786,1.937,-2.49,2.406,0.198,0.057,0.035,0.342,0.737,27801000000.0,61.46,56.07,56.073,895287958.0,50201483459.51,57708000000.0,9258000000.0,-0.008,0.03,-0.338,0.09,0.747,1.96,1756957853.18,0.16,78,Industrials
2013-12-31,0.091,11.366,2.041,-2.91,1.801,0.18,0.063,0.029,0.334,0.791,28168000000.0,77.3,72.17,72.171,901000000.0,65026234081.0,62626000000.0,10814000000.0,0.085,0.115,0.203,0.082,0.642,2.09,1885729930.0,0.173,79,Industrials
2014-12-31,0.096,10.429,2.078,-2.661,1.881,0.199,0.068,0.032,0.329,0.807,27796000000.0,78.06,72.23,72.234,898000000.0,64866228984.0,65100000000.0,11491000000.0,0.04,0.087,0.126,0.077,0.542,2.31,2075601280.0,0.177,80,Industrials
2015-12-31,0.136,6.332,1.761,-1.571,2.143,0.278,0.087,0.045,0.287,0.784,27301000000.0,63.29,55.19,55.186,873000000.0,48177072450.0,56098000000.0,12527000000.0,-0.138,0.223,-0.158,0.097,0.533,2.48,2168139150.0,0.223,81,Industrials
2016-12-30,0.088,11.118,2.038,-2.584,2.195,0.183,0.056,0.037,0.409,0.851,27059000000.0,77.45,68.7,68.704,818000000.0,56199536620.0,57244000000.0,9875000000.0,0.02,-0.336,-0.577,0.011,0.408,2.54,2079274200.0,0.173,82,Industrials
2017-12-29,0.076,14.908,2.292,-3.347,2.212,0.154,0.047,0.031,0.456,0.885,27910000000.0,97.28,85.9,85.903,790000000.0,67863436360.0,59837000000.0,10552000000.0,0.045,-0.1,0.805,0.038,0.342,2.66,2103691000.0,0.176,83,Industrials
2018-12-31,0.079,11.382,1.56,-2.588,2.435,0.137,0.039,0.036,0.412,0.762,48112000000.0,82.66,74.97,74.965,800000000.0,59972308000.0,66501000000.0,11553000000.0,0.111,0.158,0.242,0.033,0.281,2.7,2159136000.0,0.174,84,Industrials
2019-12-31,0.072,14.965,1.984,-3.636,2.286,0.133,0.04,0.029,0.441,0.725,48063000000.0,105.55,96.92,96.916,855000000.0,82863434790.0,77046000000.0,13388000000.0,0.159,0.051,0.561,0.053,0.252,2.81,2403131400.0,0.174,85,Industrials
2020-12-31,-0.062,-25.748,1.256,9.935,1.224,-0.049,-0.022,0.03,-0.776,0.781,54285000000.0,73.21,66.73,66.73,1357800000.0,90605998073.4,56587000000.0,2620000000.0,-0.266,-1.636,-0.739,-0.296,-0.196,2.0,2718179820.0,0.046,86,Industrials
2021-12-31,0.06,34.844,1.843,-14.758,1.187,0.053,0.024,0.022,0.765,0.814,54436000000.0,95.58,90.33,90.33,1490500000.0,134636867981.0,64388000000.0,10529000000.0,0.138,2.098,1.897,-0.014,-0.216,1.99,2962011030.0,0.164,87,Industrials
