Date,profitMargin,P/E,P/B,PEG,D/E,ROE,ROA,dividendYield,dividendPayoutRatio,quickRatio,goodwill,dcf,price,stockPrice,numberOfShares,marketCapitalization,revenue,ebitda,revenueGrowth,netIncomeGrowth,freeCashFlowGrowth,dividendsperShareGrowth,fiveYDividendperShareGrowth,dividendPerShare,dividendPaid,ebitdaMargin,company_age,sector
1997-12-31,0.039,20.834,2.114,2.024,0.681,0.101,0.06,0.004,0.076,0.788,0.0,6.57,6.41,6.406,1496000000.0,9583750000.0,11794000000.0,888000000.0,0.171,0.293,0.249,0.02,5.397,0.03,38357440.0,0.075,13,Healthcare
1998-12-31,-0.01,-51.489,2.117,-5.108,1.402,-0.041,-0.017,0.004,-0.205,0.525,0.0,6.67,5.59,5.594,1528000000.0,8547250000.0,17355000000.0,139000000.0,0.472,-1.361,0.736,-0.049,5.084,0.02,34166080.0,0.008,14,Healthcare
1999-12-31,0.029,16.13,2.372,1.459,1.659,0.147,0.055,0.001,0.011,0.52,0.0,7.73,6.58,6.578,1392800000.0,9162012500.0,19562000000.0,1127000000.0,0.127,4.422,0.153,-0.806,0.178,0.01,9164624.0,0.058,15,Healthcare
2000-12-31,0.035,25.143,5.018,2.117,1.997,0.2,0.067,0.0,0.007,0.378,0.0,15.36,14.27,14.27,1296800000.0,18505336000.0,21122000000.0,1402000000.0,0.08,0.296,0.285,-0.105,0.054,0.0,0.0,0.066,16,Healthcare
2001-12-31,0.039,24.807,5.821,2.013,2.209,0.235,0.073,0.0,0.01,0.356,0.0,19.36,18.13,18.125,1249600000.0,22649000000.0,23454000000.0,1737000000.0,0.11,0.24,0.112,0.868,-0.686,0.0,0.0,0.074,17,Healthcare
2002-12-31,0.054,19.232,5.872,1.515,2.199,0.305,0.095,0.0,0.007,0.318,3363000000.0,22.36,21.42,21.425,1213600000.0,26001378786.4,25020000000.0,2351000000.0,0.067,0.481,0.412,0.03,-0.683,0.0,0.0,0.094,18,Healthcare
2003-12-31,0.064,19.648,6.993,1.503,2.439,0.356,0.103,0.0,0.005,0.398,3509000000.0,32.36,30.44,30.44,1178000000.0,35858321178.0,28566000000.0,3234000000.0,0.142,0.35,0.323,0.03,-0.657,0.0,0.0,0.113,19,Healthcare
2004-12-31,0.07,21.33,5.149,1.734,1.601,0.241,0.093,0.0,0.007,0.478,9470000000.0,47.26,44.08,44.075,1252000000.0,55181901252.0,36830000000.0,4475000000.0,0.289,0.418,0.428,0.882,2.337,0.0,0.0,0.122,20,Healthcare
2005-12-31,0.074,22.145,4.121,1.819,1.333,0.186,0.08,0.0,0.006,0.439,16206000000.0,62.06,57.77,57.77,1265000000.0,73079050000.0,44866000000.0,5826000000.0,0.218,0.276,0.008,0.045,2.896,0.0,0.0,0.13,21,Healthcare
2006-12-31,0.059,16.872,3.372,1.472,1.322,0.2,0.086,0.001,0.01,0.663,16822000000.0,59.89,52.21,52.21,1344000000.0,70170238656.0,70671000000.0,7654000000.0,0.575,0.26,0.519,1.031,3.236,0.05,70170240.0,0.108,22,Healthcare
2007-12-31,0.062,14.141,3.28,1.204,1.537,0.232,0.091,0.001,0.009,0.605,16854000000.0,56.92,50.16,50.16,1312000000.0,65809920000.0,75431000000.0,8101000000.0,0.067,0.119,-0.137,-0.001,3.111,0.05,65809920.0,0.107,23,Healthcare
2008-12-31,0.037,11.61,1.663,0.92,1.686,0.143,0.053,0.001,0.012,0.6,20088000000.0,34.42,28.33,28.33,1220000000.0,34562600000.0,80415000000.0,6244000000.0,0.066,-0.36,-0.311,-0.005,2.97,0.03,34562600.0,0.078,24,Healthcare
2009-12-31,0.044,10.128,1.64,0.771,1.501,0.162,0.065,0.001,0.009,0.669,20727000000.0,41.35,33.0,33.0,1173000000.0,38709000000.0,87138000000.0,7350000000.0,0.084,0.284,0.417,0.012,1.135,0.03,38709000.0,0.084,25,Healthcare
2010-12-31,0.05,9.592,1.721,0.676,1.442,0.179,0.073,0.01,0.097,0.629,22745000000.0,49.33,40.93,40.93,1086000000.0,44449980000.0,93546000000.0,8928000000.0,0.074,0.212,0.104,12.471,26.527,0.41,444499800.0,0.095,26,Healthcare
2011-12-31,0.051,10.319,1.876,0.696,1.4,0.182,0.076,0.012,0.127,0.692,23975000000.0,60.15,51.07,51.07,1039000000.0,53061730000.0,101208000000.0,9588000000.0,0.082,0.11,0.094,0.515,19.539,0.61,636740760.0,0.095,27,Healthcare
2012-12-31,0.05,10.341,1.833,0.684,1.594,0.177,0.068,0.014,0.148,0.628,31286000000.0,64.33,56.08,56.08,1019000000.0,57145522038.0,109938000000.0,10563000000.0,0.086,0.075,0.031,0.284,25.395,0.79,800037280.0,0.096,28,Healthcare
2013-12-31,0.046,12.787,2.237,0.82,1.547,0.175,0.069,0.015,0.188,0.583,31604000000.0,80.16,72.8,72.8,988000000.0,71926402964.0,121744000000.0,10950000000.0,0.107,0.018,-0.066,0.328,34.242,1.09,1078896000.0,0.09,29,Healthcare
2014-12-31,0.043,18.039,3.123,1.117,1.662,0.173,0.065,0.013,0.242,0.62,32940000000.0,114.11,106.25,106.25,954000000.0,101362500000.0,129695000000.0,11752000000.0,0.065,-0.001,0.148,0.336,45.518,1.38,1317712500.0,0.091,30,Healthcare
2015-12-31,0.037,18.88,3.244,1.168,2.296,0.172,0.052,0.016,0.307,0.612,44453000000.0,126.62,115.16,115.16,953000000.0,109747483812.0,156397000000.0,12659000000.0,0.206,0.035,0.254,0.313,3.533,1.84,1755959680.0,0.081,31,Healthcare
2016-12-31,0.038,21.991,4.032,1.359,2.211,0.183,0.057,0.015,0.322,0.587,47584000000.0,173.05,162.09,162.09,952000000.0,154309676192.0,184012000000.0,14929000000.0,0.177,0.207,-0.011,0.267,2.791,2.43,2314645200.0,0.081,32,Healthcare
2017-12-31,0.053,21.719,4.8,1.366,1.868,0.221,0.076,0.012,0.263,0.621,54556000000.0,249.01,236.65,236.65,969000000.0,229313844186.0,200136000000.0,17189000000.0,0.088,0.505,0.431,0.205,2.556,2.84,2751766200.0,0.086,33,Healthcare
2018-12-31,0.053,21.655,5.021,1.35,1.894,0.232,0.079,0.013,0.277,0.612,58910000000.0,281.69,270.37,270.37,960000000.0,259555195200.0,224871000000.0,19376000000.0,0.124,0.135,0.179,0.208,2.236,3.51,3374217600.0,0.086,34,Healthcare
2019-12-31,0.058,19.248,4.623,1.185,1.969,0.24,0.08,0.015,0.284,0.422,65659000000.0,292.57,280.98,280.98,948000000.0,266369050428.0,240269000000.0,22005000000.0,0.068,0.155,0.201,0.199,1.905,4.21,3995535600.0,0.092,35,Healthcare
2020-12-31,0.06,20.548,4.833,1.266,1.969,0.235,0.078,0.014,0.298,0.451,71337000000.0,351.47,333.58,333.58,946000000.0,315566667702.0,255639000000.0,24930000000.0,0.064,0.113,0.228,0.168,1.586,4.67,4417933520.0,0.098,36,Healthcare
2021-12-31,0.061,25.426,6.125,1.557,1.891,0.241,0.081,0.012,0.305,0.664,75795000000.0,488.66,466.06,466.06,946000000.0,440892758108.0,285273000000.0,26626000000.0,0.116,0.122,-0.012,0.152,1.35,5.59,5290713120.0,0.093,37,Healthcare
