Date,profitMargin,P/E,P/B,PEG,D/E,ROE,ROA,dividendYield,dividendPayoutRatio,freeCashFlowPerShare,freeCashFlowMargin,quickRatio,goodwill,dcf,price,stockPrice,numberOfShares,marketCapitalization,revenue,revenueGrowth,netIncomeGrowth,freeCashFlowGrowth,dividendsperShareGrowth,fiveYDividendperShareGrowth,dividendPerShare,dividendPaid,freeCashFlow,company_age,sector
1997-02-02,0.048,28.73,4.525,4.901,0.569,0.158,0.1,0.004,0.117,-0.043,-0.005,0.514,87000000.0,12.34,12.28,12.278,2194884000.0,26948298487.752,19536000000.0,0.236,0.237,-3.793,0.265,0.48,0.05,107812702.08,-94380012.0,13,Consumer Cyclical
1998-02-01,0.048,40.487,6.617,6.887,0.582,0.163,0.103,0.003,0.12,-0.207,-0.019,0.297,140000000.0,21.53,21.46,21.458,2188679245.0,46965405880.719,24156000000.0,0.251,0.391,0.108,0.199,0.774,0.06,140907169.79,-453056603.715,14,Consumer Cyclical
1999-01-31,0.053,53.716,9.909,9.212,0.539,0.184,0.12,0.002,0.104,-0.183,-0.013,0.186,0.0,39.32,39.29,39.292,2206500000.0,86697065442.0,30219000000.0,0.272,0.437,0.665,0.492,1.648,0.08,173386770.0,-403789500.0,15,Consumer Cyclical
2000-01-30,0.06,55.616,10.455,9.7,0.384,0.188,0.136,0.002,0.11,-0.06,-0.004,0.207,311000000.0,57.56,57.5,57.5,2244000000.0,129030000000.0,38434000000.0,0.19,0.113,-4.644,0.41,2.734,0.12,258060000.0,-134640000.0,16,Consumer Cyclical
2001-01-28,0.056,40.643,6.991,7.43,0.425,0.172,0.121,0.004,0.144,-0.324,0.0,0.231,0.0,44.67,44.6,0.0,0.0,0.0,45738000000.0,0.0,0.0,0.0,0.0,0.0,0.18,0.0,0.0,17,Consumer Cyclical
2002-02-03,0.057,36.436,6.134,6.613,0.46,0.168,0.115,0.004,0.13,1.101,0.048,0.533,419000000.0,48.56,47.5,47.5,2335000000.0,110912500000.0,53553000000.0,0.171,0.179,4.373,0.058,2.378,0.19,443650000.0,2570835000.0,18,Consumer Cyclical
2003-02-02,0.063,14.09,2.607,2.558,0.516,0.185,0.122,0.01,0.134,0.879,0.035,0.414,575000000.0,23.03,22.1,22.1,2336000000.0,51625600000.0,58247000000.0,0.088,0.204,-0.201,0.242,2.316,0.22,516256000.0,2053344000.0,19,Consumer Cyclical
2004-02-01,0.066,19.642,3.773,3.485,0.537,0.192,0.125,0.007,0.138,1.068,0.038,0.413,833000000.0,38.27,37.03,37.03,2283000000.0,84539487717.0,64816000000.0,0.113,0.175,0.188,0.237,2.423,0.26,591776430.0,2438244000.0,20,Consumer Cyclical
2005-01-30,0.068,17.675,3.659,3.032,0.611,0.207,0.129,0.008,0.144,1.339,0.04,0.348,1394000000.0,40.28,40.05,40.05,2207000000.0,88390347793.0,73094000000.0,0.128,0.162,0.212,0.25,1.867,0.32,707122800.0,2955173000.0,21,Consumer Cyclical
2006-01-29,0.072,15.436,3.349,2.565,0.653,0.217,0.131,0.01,0.147,1.217,0.032,0.248,3286000000.0,42.52,42.15,42.15,2138000000.0,90116704276.0,81511000000.0,0.115,0.167,-0.119,0.23,1.501,0.42,901167000.0,2601946000.0,22,Consumer Cyclical
2007-01-28,0.063,14.197,3.268,2.267,1.088,0.23,0.11,0.017,0.242,2.005,0.045,0.297,6314000000.0,40.11,39.82,39.82,2054000000.0,81790280000.0,90837000000.0,0.114,-0.013,0.582,0.694,3.005,0.68,1390434760.0,4118270000.0,23,Consumer Cyclical
2008-02-03,0.057,11.304,2.805,1.625,1.502,0.248,0.099,0.034,0.389,1.173,0.028,0.135,1109000000.0,27.11,26.87,26.87,1849000000.0,49682631849.0,77349000000.0,-0.148,-0.237,-0.473,0.361,3.388,0.91,1689209420.0,2168877000.0,24,Consumer Cyclical
2009-02-01,0.032,14.059,1.787,1.838,1.316,0.127,0.055,0.048,0.673,2.188,0.052,0.134,1134000000.0,19.2,18.89,18.89,1682000000.0,31772978318.0,71288000000.0,-0.078,-0.486,0.697,-0.022,2.47,0.91,1525103040.0,3680216000.0,25,Consumer Cyclical
2010-01-31,0.04,19.834,2.722,2.595,1.108,0.137,0.065,0.029,0.573,2.471,0.063,0.231,1171000000.0,32.2,31.36,31.36,1683000000.0,52778881683.0,66176000000.0,-0.072,0.177,0.13,0.002,1.781,0.91,1530587520.0,4158693000.0,26,Consumer Cyclical
2011-01-30,0.049,18.149,3.207,2.325,1.124,0.177,0.083,0.026,0.47,2.117,0.051,0.161,1187000000.0,37.09,36.76,36.76,1648000000.0,60580476704.0,67997000000.0,0.028,0.254,-0.161,0.051,1.375,0.96,1575092480.0,3488816000.0,27,Consumer Cyclical
2012-01-29,0.055,18.999,4.122,2.307,1.264,0.217,0.096,0.022,0.42,3.476,0.077,0.345,1120000000.0,48.5,47.23,47.23,1562000000.0,73773260000.0,70395000000.0,0.035,0.163,0.556,0.097,0.538,1.04,1623011720.0,5429512000.0,28,Consumer Cyclical
2013-02-03,0.061,23.293,5.942,2.714,1.311,0.255,0.11,0.017,0.384,3.778,0.076,0.339,1170000000.0,72.13,70.47,70.47,1499000000.0,105634531499.0,74754000000.0,0.062,0.168,0.043,0.113,0.258,1.2,1795787010.0,5663222000.0,29,Consumer Cyclical
2014-02-02,0.068,21.929,9.431,2.429,2.236,0.43,0.133,0.019,0.417,4.378,0.079,0.31,1289000000.0,84.22,82.87,82.87,1425000000.0,118089754275.0,78812000000.0,0.054,0.187,0.102,0.354,0.741,1.57,2243705250.0,6238650000.0,30,Consumer Cyclical
2015-02-01,0.076,24.476,16.66,2.545,3.285,0.681,0.159,0.016,0.399,5.082,0.082,0.285,1353000000.0,117.36,116.07,116.07,1338000000.0,155301660000.0,83176000000.0,0.055,0.178,0.09,0.201,1.087,1.86,2484826560.0,6799716000.0,31,Consumer Cyclical
2016-01-31,0.079,22.902,25.415,2.273,5.737,1.11,0.165,0.019,0.432,6.163,0.089,0.328,2102000000.0,127.44,125.7,125.7,1277000000.0,160518896169.0,88519000000.0,0.064,0.105,0.157,0.255,1.493,2.39,3049859100.0,7870151000.0,32,Consumer Cyclical
2017-01-29,0.084,22.382,41.102,2.138,8.916,1.836,0.185,0.019,0.428,6.641,0.086,0.323,2093000000.0,146.98,144.91,144.91,1229000000.0,178094394916.0,94595000000.0,0.069,0.135,0.037,0.167,1.651,2.75,3383793410.0,8161789000.0,33,Consumer Cyclical
2018-01-28,0.086,25.25,149.867,2.312,29.625,5.935,0.194,0.019,0.488,8.603,0.1,0.343,2275000000.0,188.03,184.98,184.98,1178000000.0,217906435288.0,100904000000.0,0.067,0.085,0.242,0.291,2.075,3.51,4140222360.0,10134334000.0,34,Consumer Cyclical
2019-02-03,0.103,18.812,-111.399,1.662,-24.431,-5.922,0.253,0.022,0.423,9.319,0.098,0.222,2252000000.0,185.56,184.0,184.0,1137000000.0,209208000000.0,108203000000.0,0.072,0.289,0.046,0.157,1.628,4.05,4602576000.0,10595703000.0,35,Consumer Cyclical
2020-02-02,0.102,22.161,-79.955,1.883,-17.443,-3.608,0.219,0.024,0.53,10.105,0.1,0.231,2254000000.0,229.89,227.94,227.94,1093000000.0,249138422186.0,110225000000.0,0.019,0.011,0.042,0.318,1.883,5.47,5979322080.0,11044765000.0,36,Consumer Cyclical
2021-01-31,0.097,21.728,84.738,1.814,20.395,3.9,0.182,0.023,0.501,15.248,0.124,0.47,7126000000.0,267.64,260.29,260.29,1074000000.0,279551469666.0,132110000000.0,0.199,0.144,0.483,0.102,1.531,5.99,6429683580.0,16376352000.0,37,Consumer Cyclical
2022-01-30,0.109,20.93,-202.8,1.747,-43.38,-9.689,0.229,0.02,0.425,13.04,0.093,0.201,7449000000.0,322.43,320.25,320.25,1074000000.0,343948500000.0,151157000000.0,0.144,0.277,-0.145,0.083,1.348,6.41,6878970000.0,14004960000.0,38,Consumer Cyclical
