Date,profitMargin,P/E,P/B,PEG,D/E,ROE,ROA,dividendYield,dividendPayoutRatio,freeCashFlowPerShare,freeCashFlowMargin,quickRatio,goodwill,dcf,price,stockPrice,numberOfShares,marketCapitalization,revenue,revenueGrowth,netIncomeGrowth,freeCashFlowGrowth,dividendsperShareGrowth,fiveYDividendperShareGrowth,dividendPerShare,dividendPaid,freeCashFlow,company_age,sector
1997-12-31,0.113,5.57,0.849,0.352,3.602,0.152,0.033,0.042,0.235,3.785,0.104,0.155,408534000.0,20.6,23.06,23.061,170404106.0,3929618937.782,6219273000.0,0.085,0.567,-0.307,0.06,0.214,0.97,165039784.74,644979541.21,6,Financial Services
1998-12-31,0.01,44.064,0.593,4.003,4.699,0.013,0.002,0.057,2.533,-0.064,-0.002,0.125,592057000.0,12.55,16.07,16.07,244993939.0,3937055741.165,9108401000.0,0.465,-0.873,-1.024,-0.05,0.152,0.92,224411998.18,-15679612.096,7,Financial Services
1999-12-31,0.11,4.696,0.605,0.402,4.941,0.129,0.021,0.063,0.295,-0.978,-0.03,0.146,509000000.0,11.72,16.95,16.952,231024931.0,3916371114.116,7569000000.0,-0.169,8.334,-13.411,0.153,0.328,1.07,246699972.57,-225942382.518,8,Financial Services
2000-12-31,0.115,6.218,0.854,0.505,4.637,0.137,0.024,0.039,0.243,-3.047,-0.077,0.152,510000000.0,22.81,28.21,28.208,218888889.0,6174426329.486,8608000000.0,0.137,0.191,-1.951,0.034,0.303,1.1,240819366.79,-666954444.783,9,Financial Services
2001-12-31,-0.122,-5.041,1.072,-0.396,6.493,-0.213,-0.92,0.045,-0.225,4.325,0.103,0.197,0.0,16.43,25.87,25.87,212000000.0,5484486545.618,8943000000.0,0.039,-2.096,2.375,0.05,0.259,1.16,246799800.0,916900000.0,10,Financial Services
2002-12-31,0.024,19.639,0.745,1.573,5.947,0.038,0.148,0.059,1.161,0.296,0.007,0.181,0.0,11.32,19.82,19.821,216000000.0,4281278391.634,8918000000.0,-0.003,1.2,-0.93,0.014,0.204,1.17,252586080.0,63936000.0,11,Financial Services
2003-12-31,0.075,9.223,0.979,0.78,5.356,0.106,0.544,0.045,0.411,0.373,0.01,0.115,926000000.0,15.52,26.74,26.739,228000000.0,6096556366.543,8854000000.0,-0.007,2.032,0.328,0.019,0.291,1.2,274352400.0,85044000.0,12,Financial Services
2004-12-31,0.042,15.454,0.696,3.486,4.274,0.045,0.009,0.044,0.683,8.616,0.229,0.205,5281000000.0,16.26,24.26,24.262,608300000.0,14758441624.099,22934000000.0,1.59,0.445,60.659,-0.102,0.007,1.07,649323752.0,5241112800.0,13,Financial Services
2005-12-31,0.067,12.964,0.943,3.251,4.075,0.073,0.014,0.03,0.387,5.342,0.148,0.197,3442000000.0,24.49,31.09,31.092,676300000.0,21027234575.056,24365000000.0,0.062,0.698,-0.311,-0.134,-0.157,0.93,630785010.0,3612794600.0,14,Financial Services
2006-12-31,0.168,5.792,0.97,1.476,3.526,0.167,1.001,0.029,0.167,6.948,0.19,0.2,3438000000.0,28.95,35.47,35.47,687100000.0,24371553929.922,25090000000.0,0.03,1.594,0.321,0.1,-0.116,1.03,706771673.0,4773970800.0,15,Financial Services
2007-12-31,0.177,4.765,0.824,1.153,3.329,0.173,1.1,0.034,0.161,8.099,0.203,0.222,3366000000.0,26.06,33.59,33.589,652700000.0,21923734075.795,26017000000.0,0.037,0.093,0.107,0.113,-0.029,1.14,745422562.0,5286217300.0,16,Financial Services
2008-12-31,0.119,5.681,0.656,1.256,3.335,0.115,0.721,0.043,0.245,5.262,0.128,0.228,3366000000.0,28.44,27.85,27.852,596400000.0,16610992413.341,24477000000.0,-0.059,-0.364,-0.406,0.055,0.005,1.2,714218820.0,3138256800.0,17,Financial Services
2009-12-31,0.147,5.941,0.785,1.262,2.996,0.132,0.916,0.032,0.191,7.387,0.171,0.215,3365000000.0,38.01,37.57,37.567,572800000.0,21518488716.155,24680000000.0,0.008,0.239,0.348,0.009,0.129,1.2,688643072.0,4231273600.0,18,Financial Services
2010-12-31,0.128,6.299,0.795,1.113,3.129,0.126,0.12,0.033,0.209,6.409,0.122,0.228,3365000000.0,42.94,42.52,42.516,476500000.0,20258931897.037,25112000000.0,0.018,-0.112,-0.278,0.167,0.521,1.4,668605740.0,3053888500.0,19,Financial Services
2011-12-31,0.056,13.278,0.774,2.047,3.273,0.058,0.055,0.035,0.466,5.216,0.085,0.199,3365000000.0,46.05,45.54,45.537,415800000.0,18934122975.879,25446000000.0,0.013,-0.557,-0.29,0.132,0.565,1.59,662743620.0,2168812800.0,20,Financial Services
2012-12-31,0.096,9.763,0.95,1.398,3.131,0.097,0.099,0.029,0.281,8.364,0.125,1.228,3365000000.0,63.37,62.51,62.514,386200000.0,24142924691.603,25740000000.0,0.012,0.734,0.489,0.124,0.581,1.81,700099498.0,3230176800.0,21,Financial Services
2013-12-31,0.14,6.85,1.015,0.941,3.187,0.148,0.11,0.029,0.198,10.305,0.146,1.213,3634000000.0,68.74,67.95,67.947,370300000.0,25160881377.65,26191000000.0,0.018,0.485,0.181,0.096,0.642,1.97,729694665.0,3815941500.0,22,Financial Services
2014-12-31,0.136,7.964,1.184,1.0,3.15,0.149,0.112,0.025,0.197,10.9,0.136,1.217,3611000000.0,87.89,86.78,86.781,338800000.0,29401569599.405,27162000000.0,0.037,0.005,-0.032,0.093,0.779,2.17,735026600.0,3692920000.0,23,Financial Services
2015-12-31,0.128,8.349,1.217,0.961,3.245,0.146,0.105,0.026,0.215,11.056,0.128,1.208,3573000000.0,93.66,92.44,92.438,310600000.0,28711240576.943,26800000000.0,-0.013,-0.069,-0.07,0.106,0.685,2.4,746508464.0,3433993600.0,24,Financial Services
2016-12-31,0.109,9.922,1.288,1.06,3.317,0.13,0.092,0.025,0.251,14.585,0.152,1.199,3580000000.0,104.87,103.8,103.802,288100000.0,29905421946.235,27625000000.0,0.031,-0.124,0.224,0.104,0.643,2.6,747619500.0,4201938500.0,25,Financial Services
2017-12-31,0.071,18.044,1.563,1.847,3.361,0.087,0.062,0.021,0.382,13.63,0.13,1.195,3951000000.0,135.66,134.42,134.418,276000000.0,37099346148.28,28902000000.0,0.046,-0.318,-0.105,0.082,0.583,2.82,779098320.0,3761880000.0,26,Financial Services
2018-12-31,0.083,12.341,1.36,1.224,3.553,0.11,0.105,0.026,0.323,16.38,0.145,1.174,3937000000.0,117.84,116.44,116.442,267400000.0,31136465736.378,30282000000.0,0.048,0.227,0.164,0.07,0.546,3.03,809537456.0,4380012000.0,27,Financial Services
2019-12-31,0.083,12.594,1.273,1.214,3.245,0.101,0.11,0.026,0.322,20.019,0.165,1.206,3961000000.0,128.91,127.01,127.006,260000000.0,33021599877.058,31581000000.0,0.043,0.039,0.188,0.066,0.509,3.3,858587600.0,5204940000.0,28,Financial Services
2020-12-31,0.084,12.463,1.151,1.171,2.999,0.092,0.023,0.026,0.319,25.716,0.204,21.339,3976000000.0,135.44,132.59,132.593,253500000.0,33612260233.941,31981000000.0,0.013,0.029,0.252,0.046,0.428,3.45,873900690.0,6519006000.0,29,Financial Services
2021-12-31,0.105,11.489,1.456,1.08,3.17,0.127,0.03,0.021,0.237,28.694,0.209,23.398,4008000000.0,169.36,165.97,165.968,253500000.0,42072822362.259,34816000000.0,0.089,0.358,0.116,0.009,0.305,3.49,883541295.0,7273929000.0,30,Financial Services
