Date,profitMargin,P/E,P/B,PEG,D/E,ROE,ROA,dividendYield,dividendPayoutRatio,freeCashFlowPerShare,freeCashFlowMargin,quickRatio,goodwill,dcf,price,stockPrice,numberOfShares,marketCapitalization,revenue,revenueGrowth,netIncomeGrowth,freeCashFlowGrowth,dividendsperShareGrowth,fiveYDividendperShareGrowth,dividendPerShare,dividendPaid,freeCashFlow,company_age,sector
1997-12-28,0.0,0.0,0.0,0.0,0.0,0.0,0.0,0.0,0.0,0.0,0.0,0.0,0.0,0.0,0.0,0.0,0.0,0.0,0.0,0.0,0.0,0.0,0.0,0.0,0.0,0.0,0.0,0,Consumer Cyclical
1998-12-28,0.0,0.0,0.0,0.0,0.0,0.0,0.0,0.0,0.0,0.0,0.0,0.0,0.0,0.0,0.0,0.0,0.0,0.0,0.0,0.0,0.0,0.0,0.0,0.0,0.0,0.0,0.0,0,Consumer Cyclical
1999-12-28,0.0,0.0,0.0,0.0,0.0,0.0,0.0,0.0,0.0,0.0,0.0,0.0,0.0,0.0,0.0,0.0,0.0,0.0,0.0,0.0,0.0,0.0,0.0,0.0,0.0,0.0,0.0,0,Consumer Cyclical
2000-12-28,0.0,0.0,0.0,0.0,0.0,0.0,0.0,0.0,0.0,0.0,0.0,0.0,0.0,0.0,0.0,0.0,0.0,0.0,0.0,0.0,0.0,0.0,0.0,0.0,0.0,0.0,0.0,0,Consumer Cyclical
2001-12-28,0.0,0.0,0.0,0.0,0.0,0.0,0.0,0.0,0.0,0.0,0.0,0.0,0.0,0.0,0.0,0.0,0.0,0.0,0.0,0.0,0.0,0.0,0.0,0.0,0.0,0.0,0.0,0,Consumer Cyclical
2002-12-28,0.0,0.0,0.0,0.0,0.0,0.0,0.0,0.0,0.0,0.0,0.0,0.0,0.0,0.0,0.0,0.0,0.0,0.0,0.0,0.0,0.0,0.0,0.0,0.0,0.0,0.0,0.0,0,Consumer Cyclical
2003-12-28,0.0,0.0,0.0,0.0,0.0,0.0,0.0,0.0,0.0,0.0,0.0,0.0,0.0,0.0,0.0,0.0,0.0,0.0,0.0,0.0,0.0,0.0,0.0,0.0,0.0,0.0,0.0,0,Consumer Cyclical
2004-12-28,0.0,0.0,0.0,0.0,0.0,0.0,0.0,0.0,0.0,0.0,0.0,0.0,0.0,0.0,0.0,0.0,0.0,0.0,0.0,0.0,0.0,0.0,0.0,0.0,0.0,0.0,0.0,0,Consumer Cyclical
2005-12-28,0.0,0.0,0.0,0.0,0.0,0.0,0.0,0.0,0.0,0.0,0.0,0.0,0.0,0.0,0.0,0.0,0.0,0.0,0.0,0.0,0.0,0.0,0.0,0.0,0.0,0.0,0.0,0,Consumer Cyclical
2006-12-28,0.0,0.0,0.0,0.0,0.0,0.0,0.0,0.0,0.0,0.0,0.0,0.0,0.0,0.0,0.0,0.0,0.0,0.0,0.0,0.0,0.0,0.0,0.0,0.0,0.0,0.0,0.0,0,Consumer Cyclical
2007-12-28,0.0,0.0,0.0,0.0,0.0,0.0,0.0,0.0,0.0,0.0,0.0,0.0,0.0,0.0,0.0,0.0,0.0,0.0,0.0,0.0,0.0,0.0,0.0,0.0,0.0,0.0,0.0,0,Consumer Cyclical
2008-12-31,0.0,0.0,0.0,0.0,0.0,0.0,0.0,0.0,0.0,0.0,0.0,0.0,0.0,0.0,0.0,0.0,0.0,0.0,148979000000.0,0.0,0.0,0.0,0.0,0.0,0.0,0.0,0.0,0,Consumer Cyclical
2009-12-31,0.0,0.0,0.0,0.0,0.0,0.0,0.0,0.0,0.0,0.0,0.0,0.0,30672000000.0,0.0,0.0,0.0,0.0,0.0,104589000000.0,-0.298,4.388,-0.154,-0.785,-0.785,0.0,0.0,0.0,0,Consumer Cyclical
2010-12-31,0.046,8.895,1.517,2.076,2.812,0.171,0.044,0.029,0.255,1.72,0.019,0.749,31778000000.0,50.64,36.6,36.6,1500000000.0,54899997000.0,135592000000.0,0.296,-0.941,1.114,8.994,1.144,1.06,1592100000.0,2580000000.0,0,Consumer Cyclical
2011-12-31,0.061,4.05,0.976,0.968,2.771,0.241,0.064,0.025,0.1,0.708,0.007,0.85,29019000000.0,34.32,24.23,24.23,1536000000.0,37217280000.0,150276000000.0,0.108,0.489,-0.578,-0.431,0.22,0.61,930432000.0,1087488000.0,1,Consumer Cyclical
2012-12-31,0.041,7.071,1.207,1.723,3.102,0.171,0.041,0.021,0.152,0.95,0.01,0.775,1973000000.0,39.7,27.94,27.94,1566000000.0,43754041566.0,152256000000.0,0.013,-0.327,0.367,0.005,0.227,0.59,918834840.0,1487700000.0,2,Consumer Cyclical
2013-12-31,0.034,9.599,1.204,2.081,2.891,0.125,0.032,0.033,0.316,2.018,0.018,0.83,1560000000.0,51.21,36.84,36.84,1393000000.0,51318120000.0,155427000000.0,0.021,-0.136,0.89,1.02,1.478,1.22,1693497960.0,2811074000.0,3,Consumer Cyclical
2014-12-31,0.025,13.258,1.477,3.311,3.995,0.111,0.022,0.06,0.801,-1.127,-0.012,0.819,1427000000.0,44.43,32.62,32.62,1605000000.0,52355098395.0,155929000000.0,0.003,-0.261,-1.644,0.628,17.805,1.96,3141306000.0,-1808835000.0,4,Consumer Cyclical
2015-12-31,0.064,4.853,1.179,1.198,3.867,0.243,0.05,0.048,0.231,-6.97,-0.073,0.697,1371000000.0,39.25,29.64,29.64,1586000000.0,47009038414.0,152356000000.0,-0.023,1.453,-5.111,-0.283,0.349,1.42,2256433920.0,-11054420000.0,5,Consumer Cyclical
2016-12-31,0.057,5.935,1.276,1.422,4.052,0.215,0.043,0.042,0.251,-8.195,-0.076,0.663,1868000000.0,44.75,36.33,36.33,1540000000.0,55948203080.0,166380000000.0,0.092,-0.027,-0.142,0.088,1.578,1.53,2349824400.0,-12620300000.0,6,Consumer Cyclical
2017-12-31,-0.027,-16.189,1.787,-3.69,5.036,-0.11,-0.018,0.036,-0.578,-7.034,-0.071,0.683,1857000000.0,53.29,42.7,42.7,1465000000.0,62555501465.0,145588000000.0,-0.125,-1.41,0.184,-0.009,1.542,1.54,2251998000.0,-10304810000.0,7,Consumer Cyclical
2018-12-31,0.054,6.882,1.419,1.511,4.749,0.206,0.035,0.041,0.28,-7.258,-0.07,0.732,1861000000.0,53.86,39.09,39.09,1411000000.0,55155990000.0,147049000000.0,0.01,3.074,0.006,0.042,0.312,1.6,2261395590.0,-10241038000.0,8,Consumer Cyclical
2019-12-31,0.049,7.05,1.136,1.562,4.357,0.161,0.03,0.05,0.349,-6.303,-0.065,0.667,1859000000.0,46.72,33.33,33.33,1424000000.0,47461922848.0,137237000000.0,-0.067,-0.16,0.124,0.039,-0.163,1.67,2373096000.0,-8975472000.0,9,Consumer Cyclical
2020-12-31,0.052,11.3,1.613,2.519,4.12,0.143,0.027,0.009,0.104,-2.696,-0.032,0.792,1910000000.0,64.63,50.68,50.68,1433000000.0,72624440000.0,122485000000.0,-0.107,-0.045,0.57,-0.717,-0.67,0.46,653619960.0,-3863368000.0,10,Consumer Cyclical
2021-12-31,0.079,7.281,1.221,1.645,2.994,0.168,0.041,0.003,0.019,-4.768,-0.055,0.843,1914000000.0,64.06,50.24,50.24,1452000000.0,72948480000.0,127004000000.0,0.037,0.559,-0.792,-0.726,-0.917,0.15,218845440.0,-6923136000.0,11,Consumer Cyclical
