Date,profitMargin,P/E,P/B,PEG,D/E,ROE,ROA,dividendYield,dividendPayoutRatio,quickRatio,goodwill,dcf,price,stockPrice,numberOfShares,marketCapitalization,revenue,ebitda,revenueGrowth,netIncomeGrowth,freeCashFlowGrowth,dividendsperShareGrowth,fiveYDividendperShareGrowth,dividendPerShare,dividendPaid,ebitdaMargin,company_age,sector
1997-09-30,0.087,27.793,3.161,-20.001,1.185,0.114,0.052,0.006,0.174,0.429,0.0,0.0,0.0,26.512,2061000000.0,54641619468.0,22473000000.0,8345000000.0,0.199,0.619,0.785,0.137,1.482,0.0,0.0,0.371,40,Communication Services
1998-09-30,0.081,29.26,2.792,-20.811,1.134,0.095,0.045,0.008,0.223,0.548,0.0,0.0,0.0,26.574,2037000000.0,54130918191.0,22976000000.0,6911000000.0,0.022,-0.059,-0.497,0.219,1.529,0.0,0.0,0.301,41,Communication Services
1999-09-30,0.056,41.345,2.563,-29.681,1.082,0.062,0.03,0.0,0.0,0.525,0.0,0.0,0.0,26.142,2056000000.0,53748466000.0,23402000000.0,6093000000.0,0.019,-0.297,0.211,-1.0,-1.0,0.0,0.0,0.26,42,Communication Services
2000-09-30,0.036,78.643,2.958,-57.747,0.841,0.038,0.02,0.006,0.472,0.529,0.0,0.0,0.0,34.404,2103000000.0,72352003158.0,25402000000.0,7190000000.0,0.085,-0.292,0.381,0.0,0.805,0.0,0.0,0.283,43,Communication Services
2001-09-30,-0.006,-236.408,1.62,172.106,0.896,-0.007,-0.004,0.012,-2.772,0.637,0.0,0.0,0.0,17.915,2085000000.0,37352443485.0,25269000000.0,2655000000.0,-0.005,-1.172,-0.711,0.018,0.439,0.0,0.0,0.105,44,Communication Services
2002-09-30,0.049,27.456,1.421,-19.595,1.096,0.052,0.025,0.013,0.346,0.676,0.0,0.0,0.0,16.603,2044000000.0,33936112980.0,25329000000.0,3131000000.0,0.002,8.823,-0.042,-0.003,0.262,0.0,0.0,0.124,45,Communication Services
2003-09-30,0.047,36.823,1.961,-26.576,1.083,0.053,0.025,0.009,0.339,0.671,0.0,0.0,0.0,22.571,2067000000.0,46654502973.0,27061000000.0,3133000000.0,0.068,0.025,0.543,-0.009,0.026,0.0,0.0,0.116,46,Communication Services
2004-09-30,0.076,21.739,1.955,-15.553,1.036,0.09,0.044,0.008,0.183,0.597,0.0,25.88,24.88,24.88,2049000000.0,50978156970.0,30752000000.0,4752000000.0,0.136,0.851,0.737,0.011,0.0,0.2,407832960.0,0.155,47,Communication Services
2005-09-30,0.079,18.814,1.818,-13.322,0.981,0.097,0.048,0.01,0.193,0.688,0.0,19.5,19.78,23.498,2028000000.0,47654816040.0,31944000000.0,5113000000.0,0.039,0.08,-0.24,0.151,0.171,0.2,401138400.0,0.16,48,Communication Services
2006-09-30,0.098,18.677,1.98,-13.075,0.843,0.106,0.056,0.008,0.154,0.697,22505000000.0,32.63,31.43,31.43,2005000000.0,63016929450.0,34285000000.0,6700000000.0,0.073,0.332,0.946,0.071,0.232,0.25,504137200.0,0.195,49,Communication Services
2007-09-30,0.132,14.661,2.234,-10.259,0.939,0.152,0.077,0.009,0.136,0.764,22085000000.0,36.12,34.29,34.29,2004000000.0,68717162004.0,35510000000.0,9052000000.0,0.036,0.389,-0.19,0.228,0.518,0.31,618454440.0,0.255,50,Communication Services
2008-09-30,0.117,10.814,1.481,-7.136,0.892,0.137,0.071,0.014,0.15,0.722,22151000000.0,26.92,25.33,25.33,1890000000.0,47873700000.0,37843000000.0,8682000000.0,0.066,-0.055,0.001,0.105,0.693,0.35,670231800.0,0.229,51,Communication Services
2009-09-30,0.091,15.405,1.51,-9.997,0.821,0.098,0.052,0.013,0.196,0.926,21683000000.0,24.78,23.6,27.37,1856000000.0,50798721856.0,36149000000.0,7453000000.0,-0.045,-0.253,-0.142,-0.006,0.664,0.31,569420800.0,0.206,52,Communication Services
2010-09-30,0.104,17.389,1.837,-11.612,0.796,0.106,0.057,0.009,0.165,0.773,24100000000.0,31.57,31.38,36.13,1915000000.0,69188951915.0,38063000000.0,8446000000.0,0.053,0.198,0.349,-0.023,0.411,0.28,540834300.0,0.222,53,Communication Services
2011-09-30,0.118,13.467,1.732,-8.727,0.874,0.129,0.067,0.012,0.157,0.775,24145000000.0,30.78,30.71,36.21,1878000000.0,68002378122.0,40893000000.0,9868000000.0,0.074,0.213,-0.231,0.181,0.555,0.37,692080560.0,0.241,54,Communication Services
2012-09-30,0.134,15.814,2.26,-9.908,0.828,0.143,0.076,0.012,0.189,0.775,25110000000.0,51.97,50.08,50.08,1794000000.0,89843523588.0,42278000000.0,11228000000.0,0.034,0.182,0.217,0.49,0.887,0.6,1078122240.0,0.266,55,Communication Services
2013-09-30,0.136,20.089,2.713,-12.531,0.728,0.135,0.076,0.011,0.216,0.931,27324000000.0,70.66,68.47,68.47,1792000000.0,122698241792.0,45041000000.0,11661000000.0,0.065,0.08,0.592,0.232,1.103,0.75,1349680640.0,0.259,56,Communication Services
2014-09-30,0.154,20.241,3.377,-12.132,0.8,0.167,0.089,0.01,0.201,0.846,27881000000.0,92.19,90.22,90.22,1740000000.0,156982801740.0,48813000000.0,14325000000.0,0.084,0.222,-0.028,0.173,1.482,0.9,1569828000.0,0.293,57,Communication Services
2015-09-30,0.16,23.165,4.361,-13.652,0.888,0.188,0.095,0.016,0.365,0.752,27826000000.0,107.67,107.84,113.74,1694000000.0,192675556612.0,52465000000.0,16017000000.0,0.075,0.117,0.027,1.086,4.303,1.73,2922895360.0,0.305,58,Communication Services
2016-09-30,0.169,15.862,3.443,-8.901,1.033,0.217,0.102,0.016,0.246,0.812,27810000000.0,88.65,88.08,93.85,1629000000.0,152881646742.0,55632000000.0,17350000000.0,0.06,0.12,0.27,-0.215,2.527,1.41,2295717120.0,0.312,59,Communication Services
2017-09-30,0.163,17.119,3.721,-9.372,1.229,0.217,0.094,0.016,0.272,0.646,31426000000.0,100.6,98.04,98.04,1568000000.0,153726721568.0,55137000000.0,16691000000.0,-0.009,-0.044,0.033,0.098,1.6,1.57,2459627520.0,0.303,60,Communication Services
2018-09-30,0.212,13.345,3.447,-6.93,0.938,0.258,0.128,0.015,0.2,0.755,31269000000.0,117.53,114.76,114.76,1499000000.0,172025242998.0,59434000000.0,17954000000.0,0.078,0.403,0.127,0.076,1.271,1.72,2580378600.0,0.302,61,Communication Services
2019-09-28,0.159,19.555,2.432,-11.307,1.183,0.124,0.057,0.013,0.262,0.667,80293000000.0,133.8,130.53,130.53,1656000000.0,216157678344.0,69570000000.0,19525000000.0,0.171,-0.123,-0.824,0.042,1.017,1.7,2810049840.0,0.281,62,Communication Services
2020-10-03,-0.044,-75.836,2.599,47.874,1.355,-0.034,-0.014,0.007,-0.554,1.297,77689000000.0,130.04,120.13,120.13,1808000000.0,217195034576.0,65388000000.0,4827000000.0,-0.06,-1.259,1.079,-0.498,-0.515,0.84,1520365280.0,0.074,63,Communication Services
2021-10-02,0.03,154.92,3.49,-98.231,1.249,0.023,0.01,0.0,0.0,0.944,78071000000.0,178.98,170.19,170.19,1816000000.0,309065040000.0,67418000000.0,8677000000.0,0.031,1.697,-0.447,-1.0,-1.0,0.0,0.0,0.129,64,Communication Services
