Date,profitMargin,P/E,P/B,PEG,D/E,ROE,ROA,dividendYield,dividendPayoutRatio,quickRatio,goodwill,dcf,price,stockPrice,numberOfShares,marketCapitalization,revenue,ebitda,revenueGrowth,netIncomeGrowth,freeCashFlowGrowth,dividendsperShareGrowth,fiveYDividendperShareGrowth,dividendPerShare,dividendPaid,ebitdaMargin,company_age,sector
1997-10-31,0.073,9.407,1.816,6.993,0.965,0.193,0.098,0.018,0.171,1.136,0.0,15.33,13.88,13.879,2114000000.0,29341110792.0,42895000000.0,6011000000.0,0.116,0.206,0.58,0.177,0.872,0.25,528161760.0,0.14,36,Technology
1998-10-31,0.063,9.975,1.736,7.254,0.99,0.174,0.087,0.021,0.212,0.877,0.0,16.16,14.21,14.206,2068000000.0,29377668848.0,47061000000.0,5960000000.0,0.097,-0.056,0.737,0.201,1.249,0.3,617111880.0,0.127,37,Technology
1999-10-31,0.082,12.453,2.376,8.836,0.929,0.191,0.099,0.015,0.186,0.938,0.0,24.22,21.54,21.543,2018000000.0,43473602470.0,42370000000.0,5897000000.0,-0.1,0.185,-0.448,0.066,1.397,0.32,652015800.0,0.139,38,Technology
2000-10-31,0.076,7.688,2.0,5.35,1.393,0.26,0.109,0.022,0.173,0.827,0.0,16.09,14.36,14.362,1979000000.0,28422287176.0,48782000000.0,6129000000.0,0.151,0.059,0.415,0.001,0.895,0.32,625205680.0,0.126,39,Technology
2001-10-31,0.009,47.386,1.386,32.257,1.335,0.029,0.013,0.032,1.522,0.788,0.0,12.15,9.99,9.986,1936000000.0,19333623936.0,45226000000.0,1855000000.0,-0.073,-0.89,-0.615,-0.005,0.5,0.32,618900480.0,0.041,40,Technology
2002-10-31,-0.016,-24.482,0.61,-21.512,0.95,-0.025,-0.013,0.036,-0.887,0.96,0.0,13.33,8.85,8.847,2499000000.0,22107410997.0,56588000000.0,1087000000.0,0.251,-3.213,2.611,-0.001,0.274,0.32,796181400.0,0.019,41,Technology
2003-10-31,0.035,11.848,0.797,12.694,0.979,0.067,0.034,0.032,0.385,0.994,0.0,14.53,9.87,9.873,3047000000.0,30082552621.0,73061000000.0,5415000000.0,0.291,3.812,0.088,0.0,0.061,0.32,962364480.0,0.074,42,Technology
2004-10-31,0.044,7.854,0.731,8.351,1.027,0.093,0.046,0.035,0.278,1.084,0.0,13.27,9.08,9.083,3024000000.0,27465939648.0,79905000000.0,6591000000.0,0.094,0.377,-0.271,0.002,-0.002,0.32,961027200.0,0.082,43,Technology
2005-10-31,0.028,16.177,1.043,16.376,1.08,0.065,0.031,0.024,0.386,0.995,0.0,18.31,13.47,13.474,2879000000.0,38791974206.0,86696000000.0,5887000000.0,0.085,-0.314,1.037,0.001,-0.002,0.32,930723120.0,0.068,44,Technology
2006-10-31,0.068,8.044,1.307,7.868,1.149,0.162,0.076,0.018,0.144,0.976,16853000000.0,23.82,17.92,17.92,2782000000.0,49853643086.0,91658000000.0,9544000000.0,0.057,1.585,0.461,-0.001,0.002,0.32,897361920.0,0.104,45,Technology
2007-10-31,0.07,8.412,1.586,7.779,1.302,0.189,0.082,0.014,0.116,0.841,21773000000.0,27.53,23.23,23.233,2630000000.0,61103902490.0,104286000000.0,11882000000.0,0.138,0.172,-0.254,0.001,0.004,0.33,855328600.0,0.114,46,Technology
2008-10-31,0.07,4.776,1.022,4.17,1.91,0.214,0.073,0.02,0.096,0.674,32335000000.0,20.11,16.02,16.022,2483000000.0,39782121951.0,118364000000.0,13829000000.0,0.135,0.147,0.764,-0.003,-0.0,0.32,795553200.0,0.117,47,Technology
2009-10-31,0.067,6.946,1.313,5.832,1.833,0.189,0.067,0.014,0.1,0.757,33109000000.0,27.84,22.28,22.28,2388000000.0,53204031060.0,114552000000.0,14188000000.0,-0.032,-0.08,-0.165,0.001,-0.002,0.31,744864960.0,0.124,48,Technology
2010-10-31,0.07,5.04,1.092,4.11,2.07,0.217,0.07,0.017,0.088,0.779,38483000000.0,23.75,19.04,19.042,2319000000.0,44157887820.0,126033000000.0,16299000000.0,0.1,0.144,-0.196,0.036,0.034,0.32,750613920.0,0.129,49,Technology
2011-10-31,0.056,3.757,0.688,2.766,2.343,0.183,0.055,0.032,0.119,0.583,44551000000.0,16.53,12.69,12.693,2094000000.0,26579154564.0,127245000000.0,14661000000.0,0.01,-0.193,0.04,0.212,0.254,0.41,850331520.0,0.115,50,Technology
2012-10-31,-0.105,-0.921,0.519,-0.639,3.83,-0.564,-0.116,0.087,-0.08,0.789,31069000000.0,11.62,5.9,5.899,1974000000.0,11644987242.0,120357000000.0,-6838000000.0,-0.054,-2.788,-0.152,0.276,0.598,0.51,1013254200.0,-0.057,51,Technology
2013-10-31,0.046,4.698,0.881,3.195,2.861,0.188,0.048,0.046,0.216,0.795,31124000000.0,18.71,12.42,12.421,1934000000.0,24021299218.0,112298000000.0,11121000000.0,-0.067,1.404,0.225,0.111,0.782,0.57,1104932880.0,0.099,52,Technology
2014-10-31,0.045,6.659,1.249,4.407,2.846,0.188,0.049,0.035,0.236,0.834,31139000000.0,25.78,17.74,17.738,1882000000.0,33383706440.0,111454000000.0,10891000000.0,-0.008,-0.02,0.008,0.101,0.961,0.62,1168533800.0,0.098,53,Technology
2015-10-31,0.044,4.995,0.819,3.186,2.835,0.164,0.043,0.055,0.274,0.923,32941000000.0,22.15,12.54,12.54,1814000000.0,22747560000.0,103355000000.0,8793000000.0,-0.073,-0.092,-0.66,0.095,1.073,0.69,1251115800.0,0.085,54,Technology
2016-10-31,0.052,10.674,-6.851,6.493,-8.46,-0.642,0.086,0.032,0.344,0.686,5622000000.0,19.03,15.4,15.4,1730000000.0,26642000000.0,48238000000.0,3923000000.0,-0.533,-0.452,-0.031,-0.28,0.23,0.49,852544000.0,0.081,55,Technology
2017-10-31,0.049,14.334,-10.624,8.508,-10.658,-0.741,0.077,0.025,0.354,0.683,5622000000.0,25.6,21.45,21.45,1688000000.0,36207601688.0,52056000000.0,3939000000.0,0.079,0.012,0.171,0.068,0.03,0.54,905190000.0,0.076,56,Technology
2018-10-31,0.091,6.973,-58.13,3.96,-55.182,-8.336,0.154,0.024,0.169,0.552,5968000000.0,26.2,23.0,23.0,1615000000.0,37145000000.0,58472000000.0,3853000000.0,0.123,1.109,0.216,0.051,-0.026,0.55,891480000.0,0.066,57,Technology
2019-10-31,0.054,9.651,-25.5,5.141,-29.053,-2.642,0.094,0.032,0.308,0.533,6372000000.0,23.07,20.08,20.08,1515000000.0,30421200000.0,58756000000.0,3509000000.0,0.005,-0.408,0.0,0.15,0.018,0.64,973478400.0,0.06,58,Technology
2020-10-31,0.05,10.896,-13.908,5.413,-16.566,-1.276,0.082,0.032,0.351,0.518,6380000000.0,25.37,21.93,21.93,1413000000.0,30987090000.0,56639000000.0,4259000000.0,-0.036,-0.098,-0.062,0.102,0.024,0.7,991586880.0,0.075,59,Technology
2021-10-31,0.102,6.554,-25.829,2.784,-24.4,-3.941,0.168,0.022,0.144,0.452,6803000000.0,38.84,35.28,35.28,1208000000.0,42618238792.0,63487000000.0,8550000000.0,0.121,1.287,0.56,0.1,0.566,0.78,937601280.0,0.135,60,Technology
