Date,profitMargin,P/E,P/B,PEG,D/E,ROE,ROA,dividendYield,dividendPayoutRatio,quickRatio,goodwill,dcf,price,stockPrice,numberOfShares,marketCapitalization,revenue,ebitda,revenueGrowth,netIncomeGrowth,freeCashFlowGrowth,dividendsperShareGrowth,fiveYDividendperShareGrowth,dividendPerShare,dividendPaid,ebitdaMargin,company_age,sector
1997-12-27,0.277,18.289,6.583,5.723,0.497,0.36,0.24,0.001,0.026,2.22,0.0,20.0,19.42,19.422,6540000000.0,127019062500.0,25070000000.0,12851000000.0,0.203,0.347,-0.037,0.321,1.09,0.02,127006800.0,0.513,26,Technology
1998-12-26,0.231,35.907,9.32,11.463,0.346,0.26,0.193,0.001,0.036,1.922,111000000.0,32.94,32.66,32.656,6672000000.0,217882500000.0,26273000000.0,11944000000.0,0.048,-0.126,-0.141,0.182,1.47,0.03,217907520.0,0.455,27,Technology
1999-12-25,0.249,44.907,10.095,14.285,0.348,0.225,0.167,0.001,0.05,2.182,4934000000.0,49.93,49.41,49.406,6648000000.0,328452750000.0,29389000000.0,14825000000.0,0.119,0.205,0.678,0.693,3.181,0.05,328477680.0,0.504,28,Technology
2000-12-30,0.312,23.602,6.662,7.577,0.285,0.282,0.22,0.002,0.045,2.075,5941000000.0,37.51,37.06,37.062,6709000000.0,248652312500.0,33726000000.0,19976000000.0,0.148,0.44,-0.224,0.272,3.271,0.07,497271080.0,0.592,29,Technology
2001-12-29,0.049,176.458,6.358,56.706,0.239,0.036,0.029,0.002,0.417,2.155,5127000000.0,35.11,33.92,33.92,6716000000.0,227806706568.0,26539000000.0,8652000000.0,-0.213,-0.877,-0.781,0.143,2.845,0.07,455613440.0,0.326,30,Technology
2002-12-28,0.116,33.884,2.978,10.784,0.247,0.088,0.07,0.005,0.171,2.299,4330000000.0,16.99,15.88,15.88,6651000000.0,105617880000.0,26764000000.0,9548000000.0,0.008,1.414,2.291,0.0,1.912,0.08,528089400.0,0.357,31,Technology
2003-12-27,0.187,37.524,5.593,11.719,0.246,0.149,0.12,0.002,0.093,2.78,3705000000.0,33.65,32.43,32.43,6527000000.0,211670610000.0,30141000000.0,12512000000.0,0.126,0.81,0.776,0.002,1.468,0.06,423341220.0,0.415,32,Technology
2004-12-25,0.22,18.725,3.648,5.734,0.248,0.195,0.156,0.007,0.136,2.519,3719000000.0,23.3,21.99,21.99,6400000000.0,140736000000.0,34209000000.0,15306000000.0,0.135,0.332,0.18,0.989,1.901,0.15,985152000.0,0.447,33,Technology
2005-12-31,0.223,15.258,3.654,4.458,0.335,0.239,0.179,0.015,0.226,1.807,0.0,22.85,21.65,21.65,6106000000.0,132194900000.0,38826000000.0,17205000000.0,0.135,0.153,-0.029,1.008,3.577,0.32,1982923500.0,0.443,34,Technology
2006-12-30,0.143,24.009,3.295,6.66,0.316,0.137,0.104,0.019,0.46,1.493,3861000000.0,22.03,20.89,20.89,5797000000.0,121099324203.0,35382000000.0,11980000000.0,-0.089,-0.418,-0.462,0.248,3.996,0.4,2300887270.0,0.339,35,Technology
2007-12-29,0.182,16.916,2.76,4.708,0.301,0.163,0.125,0.022,0.375,2.093,3916000000.0,21.55,20.29,20.29,5816000000.0,118006645816.0,38334000000.0,13964000000.0,0.083,0.383,0.575,0.125,4.617,0.45,2596146080.0,0.364,36,Technology
2008-12-27,0.141,14.318,1.938,3.88,0.28,0.135,0.105,0.041,0.586,1.734,3932000000.0,13.97,13.38,13.38,5663000000.0,75770940000.0,37586000000.0,12310000000.0,-0.02,-0.241,-0.249,0.216,5.819,0.55,3106608540.0,0.328,37,Technology
2009-12-26,0.124,25.845,2.708,6.872,0.273,0.105,0.082,0.028,0.711,2.133,4421000000.0,21.04,20.32,20.32,5557000000.0,112918240000.0,35127000000.0,10757000000.0,-0.065,-0.174,0.162,0.022,2.502,0.57,3161710720.0,0.306,38,Technology
2010-12-25,0.263,10.292,2.387,2.736,0.278,0.232,0.181,0.03,0.306,2.654,4531000000.0,22.23,21.24,21.24,5555000000.0,117988200000.0,43623000000.0,20683000000.0,0.242,1.624,0.726,0.127,0.967,0.64,3539646000.0,0.474,39,Technology
2011-12-31,0.24,10.86,3.061,2.731,0.549,0.282,0.182,0.029,0.319,1.537,9254000000.0,27.7,26.74,26.74,5256000000.0,140545440000.0,53999000000.0,23886000000.0,0.238,0.129,-0.112,0.245,0.962,0.78,4075817760.0,0.442,40,Technology
2012-12-29,0.206,9.556,2.054,2.284,0.647,0.215,0.13,0.041,0.395,1.705,9710000000.0,22.75,21.05,21.05,4996000000.0,105165795004.0,53341000000.0,22485000000.0,-0.012,-0.15,-0.31,0.109,0.934,0.86,4311797800.0,0.422,41,Technology
2013-12-28,0.183,12.771,2.109,3.037,0.585,0.165,0.104,0.036,0.466,1.744,10513000000.0,25.86,24.72,24.72,4970000000.0,122858395030.0,52708000000.0,20887000000.0,-0.012,-0.126,0.424,0.035,0.646,0.89,4422902400.0,0.396,42,Technology
2014-12-27,0.209,14.995,3.142,3.517,0.645,0.21,0.127,0.025,0.377,1.154,10861000000.0,36.33,35.81,35.81,4901000000.0,175504814901.0,55870000000.0,24542000000.0,0.06,0.217,0.019,-0.002,0.608,0.9,4387620250.0,0.439,43,Technology
2015-12-26,0.206,12.291,2.298,2.789,0.646,0.187,0.113,0.032,0.399,1.924,11332000000.0,32.83,29.6,29.6,4742000000.0,140363200000.0,55355000000.0,23260000000.0,-0.009,-0.024,0.132,0.068,0.524,0.95,4491622400.0,0.42,44,Technology
2016-12-31,0.174,17.157,2.673,3.883,0.698,0.156,0.091,0.028,0.477,1.073,14099000000.0,38.6,37.42,37.42,4730000000.0,176996590540.0,59387000000.0,21459000000.0,0.073,-0.097,0.053,0.084,0.326,1.05,4955904800.0,0.361,45,Technology
2017-12-30,0.153,24.472,3.404,5.505,0.773,0.139,0.078,0.022,0.528,1.126,24389000000.0,50.71,49.98,49.98,4701000000.0,234955980000.0,62761000000.0,29127000000.0,0.057,-0.069,-0.152,0.036,0.239,1.1,5169031560.0,0.464,46,Technology
2018-12-29,0.297,10.23,2.889,2.257,0.711,0.282,0.165,0.026,0.263,1.105,24513000000.0,47.36,46.71,46.71,4611000000.0,215379805389.0,70848000000.0,32870000000.0,0.129,1.193,0.379,0.114,0.333,1.21,5599875060.0,0.464,47,Technology
2019-12-28,0.292,13.785,3.744,2.914,0.76,0.272,0.154,0.019,0.265,0.932,26276000000.0,66.64,65.69,65.69,4417000000.0,290152738834.0,71965000000.0,35373000000.0,0.016,-0.0,0.188,0.051,0.403,1.25,5512901870.0,0.492,48,Technology
2020-12-26,0.268,11.139,2.873,2.238,0.889,0.258,0.137,0.024,0.266,1.239,26971000000.0,56.84,55.44,55.44,4199000000.0,232792555801.0,77867000000.0,37946000000.0,0.082,-0.007,0.236,0.05,0.38,1.33,5587021440.0,0.487,49,Technology
2021-12-25,0.251,10.977,2.286,2.206,0.765,0.208,0.118,0.026,0.284,1.379,26963000000.0,53.13,51.94,51.94,4059000000.0,210824455941.0,79024000000.0,34092000000.0,0.015,-0.049,-0.538,0.049,0.335,1.35,5481435960.0,0.431,50,Technology
