Date,profitMargin,P/E,P/B,PEG,D/E,ROE,ROA,dividendYield,dividendPayoutRatio,freeCashFlowPerShare,freeCashFlowMargin,quickRatio,goodwill,dcf,price,stockPrice,numberOfShares,marketCapitalization,revenue,revenueGrowth,netIncomeGrowth,freeCashFlowGrowth,dividendsperShareGrowth,fiveYDividendperShareGrowth,dividendPerShare,dividendPaid,freeCashFlow,company_age,sector
1997-12-31,0.195,29.237,10.695,7.156,0.952,0.366,0.179,0.015,0.442,2.021,0.206,0.719,0.0,56.47,56.0,56.0,2409000000.0,134902850907.0,23636900000.0,0.192,0.189,0.151,0.189,0.485,0.84,2023560000.0,4868589000.0,51,Healthcare
1998-12-31,0.195,31.735,13.01,7.669,1.199,0.41,0.165,0.014,0.429,1.41,0.125,0.985,0.0,71.11,70.01,70.014,2378800000.0,166550047764.4,26898200000.0,0.138,0.137,-0.311,0.119,0.661,0.98,2331557032.0,3354108000.0,52,Healthcare
1999-12-31,0.18,29.062,12.928,6.935,1.43,0.445,0.165,0.015,0.44,1.52,0.109,0.832,0.0,73.74,72.88,72.877,2349000000.0,171187854543.0,32714000000.0,0.216,0.122,0.064,0.164,0.933,1.09,2567926800.0,3570480000.0,53,Healthcare
2000-12-31,0.169,26.137,12.021,6.126,1.352,0.46,0.171,0.016,0.41,2.15,0.123,0.955,0.0,78.39,77.29,77.29,2306900000.0,178300478631.3,40363200000.0,0.234,0.158,0.389,0.1,0.947,1.24,2852804816.0,4959835000.0,54,Healthcare
2001-12-31,0.153,17.644,8.005,4.102,1.44,0.454,0.165,0.024,0.432,2.777,0.133,0.736,0.0,57.08,56.15,56.145,2288300000.0,128476692743.7,47715700000.0,0.182,0.067,0.281,0.133,0.929,1.35,3083713080.0,6354609100.0,55,Healthcare
2002-12-31,0.138,16.424,6.451,3.767,1.342,0.393,0.15,0.027,0.446,3.171,0.138,0.84,0.0,53.01,52.01,52.013,2257500000.0,117420157942.5,51790300000.0,0.085,-0.018,0.126,0.029,0.67,1.4,3170139525.0,7158532500.0,56,Healthcare
2003-12-31,0.304,14.872,6.522,3.38,1.354,0.439,0.168,0.032,0.476,3.553,0.353,0.857,0.0,45.96,45.42,45.42,2236700000.0,101590569548.2,22485900000.0,-0.566,-0.045,0.11,0.028,0.534,1.45,3250909248.0,7946995100.0,57,Healthcare
2004-12-31,0.253,10.205,3.432,2.301,1.323,0.336,0.137,0.056,0.569,3.187,0.308,0.913,0.0,28.03,26.74,26.737,2219000000.0,59328606379.0,22938600000.0,0.02,-0.149,-0.11,0.027,0.353,1.5,3322819360.0,7071953000.0,58,Healthcare
2005-12-31,0.21,15.598,4.032,3.482,1.369,0.258,0.103,0.046,0.723,2.825,0.282,1.395,0.0,37.24,32.88,32.882,2197000000.0,72241050960.0,22011900000.0,-0.04,-0.203,-0.123,0.022,0.257,1.51,3322918560.0,6206525000.0,59,Healthcare
2006-12-31,0.196,21.047,5.314,4.656,1.401,0.252,0.099,0.036,0.749,2.657,0.256,0.945,1431600000.0,45.57,42.85,42.853,2177600000.0,93316810390.4,22636000000.0,0.028,-0.043,-0.068,0.001,0.11,1.54,3359165760.0,5785883200.0,60,Healthcare
2007-12-31,0.135,29.181,5.256,6.435,1.527,0.18,0.068,0.035,1.01,2.759,0.247,0.968,1454800000.0,46.49,44.04,44.036,2170500000.0,95580700159.5,24197700000.0,0.069,-0.261,0.035,-0.001,0.078,1.54,3345608700.0,5988409500.0,61,Healthcare
2008-12-31,0.327,7.451,3.102,1.617,1.388,0.416,0.165,0.056,0.42,2.469,0.221,0.647,1438700000.0,29.29,27.24,27.242,2135800000.0,58184247438.6,23850300000.0,-0.014,1.384,-0.119,0.007,0.056,1.53,3258034752.0,5273290200.0,62,Healthcare
2009-12-31,0.47,5.954,1.301,1.275,0.857,0.218,0.115,0.045,0.27,0.916,0.07,1.029,11923100000.0,40.85,36.43,36.431,2108500000.0,76815389724.5,27428300000.0,0.15,0.652,-0.634,0.075,0.106,1.64,3456569475.0,1931386000.0,63,Healthcare
2010-12-31,0.019,113.431,1.796,35.667,0.901,0.016,0.008,0.05,5.636,2.954,0.199,1.25,12378000000.0,35.08,31.56,31.555,3095000000.0,97663789680.0,45987000000.0,0.677,-0.933,3.734,-0.05,0.028,1.58,4883910000.0,9142630000.0,64,Healthcare
2011-12-31,0.131,17.991,2.07,5.558,0.884,0.115,0.06,0.043,0.767,3.506,0.222,1.43,12155000000.0,41.56,37.11,37.109,3040838643.0,112841812218.586,48047000000.0,0.045,6.285,0.166,0.009,0.037,1.6,4852357447.79,10661180282.358,65,Healthcare
2012-12-31,0.13,20.368,2.369,6.263,0.956,0.116,0.058,0.042,0.849,2.666,0.171,1.298,12134000000.0,45.95,41.51,41.508,3026635301.0,125628467298.753,47267000000.0,-0.016,-0.017,-0.243,0.093,0.135,1.74,5276696516.47,8069009712.466,66,Healthcare
2013-12-31,0.1,33.941,3.004,10.095,1.071,0.088,0.042,0.035,1.198,3.452,0.23,1.381,12301000000.0,56.4,51.06,51.059,2927526714.0,149477049039.347,44033000000.0,-0.068,-0.286,0.253,0.042,0.174,1.79,5231782990.59,10105822216.728,67,Healthcare
2014-12-31,0.282,13.695,3.356,3.949,1.018,0.245,0.121,0.032,0.44,1.953,0.131,1.191,12992000000.0,60.14,57.52,57.519,2838140196.0,163247227175.641,42237000000.0,-0.041,1.707,-0.452,0.026,0.12,1.84,5223994370.37,5542887802.788,68,Healthcare
2015-12-31,0.112,30.271,3.01,8.553,1.276,0.099,0.044,0.038,1.152,4.005,0.282,1.037,17723000000.0,51.41,48.35,48.349,2781128073.0,134465417547.702,39498000000.0,-0.065,-0.627,1.009,-0.005,0.173,1.84,5109766608.52,11138417932.365,69,Healthcare
2016-12-31,0.098,41.102,4.019,11.478,1.374,0.098,0.041,0.032,1.307,3.188,0.22,1.242,18162000000.0,60.99,58.62,58.616,2748731322.0,161120770396.388,39807000000.0,0.008,-0.118,-0.213,0.013,0.178,1.88,5156180163.06,8762955454.536,70,Healthcare
2017-12-31,0.06,65.187,4.545,17.859,1.552,0.07,0.027,0.033,2.158,1.691,0.114,0.826,18284000000.0,60.13,57.87,57.872,2696611608.0,156058671020.743,40122000000.0,0.008,-0.389,-0.48,0.028,0.108,1.91,5149746153.91,4559970229.128,71,Healthcare
2018-12-31,0.147,29.181,6.798,7.686,2.088,0.233,0.075,0.028,0.832,3.204,0.196,0.718,18253000000.0,73.08,70.01,70.01,2592559543.0,181503911398.278,42294000000.0,0.054,1.598,0.822,0.041,0.107,1.96,5082142620.95,8306560775.772,72,Healthcare
2019-12-31,0.21,21.291,8.089,5.492,2.254,0.38,0.117,0.027,0.579,3.926,0.213,0.775,19425000000.0,86.35,82.54,82.538,2539016026.0,209565736386.712,46840000000.0,0.107,0.582,0.2,0.124,0.213,2.23,5658400335.22,9968176918.076,73,Healthcare
2020-12-31,0.147,26.33,7.35,6.768,2.614,0.279,0.077,0.033,0.879,2.201,0.116,0.611,20238000000.0,76.73,73.54,73.54,2530225827.0,186073002144.969,47994000000.0,0.025,-0.282,-0.441,0.095,0.335,2.43,6140402641.48,5569027045.227,74,Healthcare
2021-12-31,0.0,0.0,0.0,0.0,0.0,0.0,0.0,0.0,0.0,0.0,0.0,0.0,21264000000.0,84.1,80.9,80.9,2530000000.0,204677005060.0,48704000000.0,0.015,0.846,0.735,0.064,0.402,0.0,0.0,0.0,75,Healthcare
