Date,profitMargin,P/E,P/B,PEG,D/E,ROE,ROA,dividendYield,dividendPayoutRatio,freeCashFlowPerShare,freeCashFlowMargin,quickRatio,goodwill,dcf,price,stockPrice,numberOfShares,marketCapitalization,revenue,revenueGrowth,netIncomeGrowth,freeCashFlowGrowth,dividendsperShareGrowth,fiveYDividendperShareGrowth,dividendPerShare,dividendPaid,freeCashFlow,company_age,sector
1997-12-31,0.081,17.933,4.784,2.121,2.125,0.267,0.085,0.014,0.252,1.042,0.041,0.66,2426000000.0,38.2,37.12,37.122,565217391.0,20981901640.876,14472000000.0,0.036,0.147,0.336,0.126,1.062,0.52,293732173.75,588956521.422,12,Industrials
1998-12-31,0.088,15.688,3.942,1.844,1.938,0.251,0.086,0.016,0.254,0.91,0.034,0.522,2999000000.0,38.45,37.18,37.181,561603376.0,20881206503.647,15128000000.0,0.045,0.138,-0.132,0.153,1.092,0.59,334086616.31,511059072.16,13,Industrials
1999-12-31,0.065,22.093,3.959,3.653,1.736,0.179,0.065,0.015,0.342,1.756,0.058,0.712,0.0,45.6,43.08,43.08,790256410.0,34044548811.005,23735000000.0,0.569,0.158,1.716,0.108,1.098,0.65,510663692.14,1387690255.96,14,Industrials
2000-12-31,0.066,21.817,3.729,3.659,1.593,0.171,0.066,0.017,0.361,1.417,0.045,0.807,0.0,46.65,45.16,45.161,801449275.0,36194342073.492,25023000000.0,0.054,0.077,-0.182,0.121,0.951,0.77,615288637.4,1135653622.675,15,Industrials
2001-12-31,-0.004,-261.859,2.827,-45.205,1.642,-0.011,-0.004,0.023,-6.152,1.358,0.047,0.806,0.0,33.11,31.42,31.423,825000000.0,25924023675.0,23652000000.0,-0.055,-1.06,-0.014,-0.012,0.592,0.72,596194500.0,1120350000.0,16,Industrials
2002-12-31,-0.01,-82.978,2.045,-14.148,2.088,-0.025,-0.008,0.034,-2.791,2.097,0.077,0.804,0.0,24.88,22.4,22.404,814814815.0,18255261041.186,22274000000.0,-0.058,-1.222,0.526,0.021,0.444,0.76,620562963.1,1708666667.055,17,Industrials
2003-12-31,0.057,22.361,2.759,4.023,1.735,0.123,0.045,0.022,0.487,1.796,0.067,0.972,0.0,37.87,34.44,34.436,859740260.0,29605763689.464,23103000000.0,0.037,7.018,-0.097,-0.004,0.247,0.76,651408000.2,1544093506.96,18,Industrials
2004-12-31,0.05,22.836,2.6,4.108,1.761,0.114,0.041,0.022,0.502,1.889,0.063,0.896,0.0,38.2,34.03,34.026,859731544.0,29253016601.379,25601000000.0,0.108,-0.032,0.052,-0.003,0.122,0.75,643646617.73,1624032886.616,19,Industrials
2005-12-31,0.06,18.593,2.734,3.302,1.87,0.147,0.051,0.023,0.423,2.071,0.064,0.599,0.0,37.71,36.26,36.257,848717949.0,30771661987.149,27653000000.0,0.08,0.292,0.083,0.103,0.104,0.83,707813795.11,1757694872.379,20,Industrials
2006-12-31,0.066,16.943,3.631,2.907,2.183,0.214,0.067,0.021,0.357,3.022,0.079,0.687,8403000000.0,44.53,43.04,43.035,820078740.0,35292169763.695,31367000000.0,0.134,0.259,0.41,0.1,0.229,0.9,741219968.36,2478277952.28,21,Industrials
2007-12-31,0.071,17.327,4.592,2.769,2.666,0.265,0.072,0.018,0.314,4.117,0.091,0.688,9175000000.0,57.84,55.45,55.448,763750000.0,42348387851.25,34589000000.0,0.103,0.173,0.269,0.107,0.333,1.0,762298875.0,3144358750.0,22,Industrials
2008-12-31,0.076,8.254,3.207,1.273,3.938,0.388,0.079,0.035,0.29,3.946,0.08,0.667,10185000000.0,34.08,31.28,31.28,736763174.0,23045991867.931,36556000000.0,0.057,0.142,-0.075,0.096,0.467,1.09,806608322.9,2907267484.604,23,Industrials
2009-12-31,0.07,12.884,3.136,2.03,3.059,0.243,0.06,0.033,0.426,4.432,0.108,0.814,10494000000.0,40.56,36.84,36.838,753000000.0,27739164600.0,30908000000.0,-0.155,-0.229,0.148,0.108,0.63,1.22,915437160.0,3337296000.0,24,Industrials
2010-12-31,0.061,20.175,3.825,3.265,2.536,0.19,0.053,0.023,0.467,4.592,0.106,0.868,11597000000.0,56.17,52.74,52.74,773500000.0,40794700947.0,33370000000.0,0.08,-0.061,0.064,0.001,0.48,1.21,938270970.0,3551912000.0,25,Industrials
2011-12-31,0.057,20.952,4.008,3.423,2.675,0.191,0.052,0.025,0.528,2.606,0.056,0.93,11858000000.0,60.2,55.47,55.467,780800000.0,43308662489.6,36529000000.0,0.095,0.022,-0.427,0.145,0.54,1.39,1082774400.0,2034764800.0,26,Industrials
2012-12-31,0.078,17.506,3.948,2.866,2.219,0.226,0.07,0.024,0.414,3.365,0.07,0.925,12425000000.0,71.39,65.47,65.468,782400000.0,51222075571.2,37665000000.0,0.031,0.416,0.294,0.108,0.541,1.57,1229369472.0,2632776000.0,27,Industrials
2013-12-31,0.1,17.52,3.936,2.883,1.595,0.225,0.086,0.02,0.345,4.308,0.087,1.012,13046000000.0,95.59,87.42,87.424,786400000.0,68750224163.2,39055000000.0,0.037,0.341,0.287,0.112,0.563,1.75,1374941760.0,3387811200.0,28,Industrials
2014-12-31,0.105,17.246,4.14,2.831,1.567,0.24,0.093,0.021,0.356,5.01,0.098,1.01,12788000000.0,102.07,93.2,93.201,784400000.0,73107184435.2,40306000000.0,0.032,0.08,0.16,0.119,0.579,1.96,1535227680.0,3929844000.0,29,Industrials
2015-12-31,0.124,16.091,4.196,2.626,1.69,0.261,0.097,0.022,0.362,5.618,0.114,0.736,15895000000.0,105.38,98.39,98.388,779800000.0,76722754193.4,38581000000.0,-0.043,0.125,0.115,0.15,0.814,2.16,1687939484.0,4380916400.0,30,Industrials
2016-12-31,0.122,18.144,4.505,2.902,1.786,0.248,0.089,0.022,0.398,5.761,0.112,1.02,17707000000.0,124.42,114.16,114.161,764300000.0,87253172812.8,39302000000.0,0.019,0.009,0.005,0.132,0.793,2.51,1919554736.0,4403132300.0,31,Industrials
2017-12-31,0.041,70.161,6.721,11.189,2.428,0.096,0.028,0.018,1.28,6.476,0.122,1.044,18277000000.0,161.63,152.36,152.365,762100000.0,116117126438.5,40534000000.0,0.031,-0.656,0.121,0.11,0.796,2.74,2090044008.0,4935359600.0,32,Industrials
2018-12-31,0.162,15.736,5.856,2.447,2.168,0.372,0.117,0.021,0.336,7.545,0.134,0.973,15546000000.0,155.78,143.28,143.28,743000000.0,106457039257.0,41802000000.0,0.031,3.088,0.136,0.1,0.777,3.01,2235597840.0,5605935000.0,33,Industrials
2019-12-31,0.167,20.932,6.953,3.158,2.161,0.332,0.105,0.019,0.398,8.402,0.165,0.99,15563000000.0,190.92,178.34,178.34,721000000.0,128583137116.0,36709000000.0,-0.122,-0.092,0.081,0.108,0.759,3.39,2443079660.0,6057842000.0,34,Industrials
2020-12-31,0.146,28.784,7.839,4.241,2.667,0.272,0.074,0.019,0.542,7.53,0.162,1.148,16058000000.0,215.64,195.37,195.37,704100000.0,137560013479.5,32637000000.0,-0.111,-0.222,-0.125,0.087,0.663,3.71,2613640323.0,5301873000.0,35,Industrials
2021-12-31,0.161,25.17,7.249,3.637,2.35,0.288,0.086,0.019,0.474,7.447,0.15,0.941,17756000000.0,217.86,201.99,201.99,690600000.0,139494297453.0,34392000000.0,0.054,0.16,-0.03,0.033,0.518,3.84,2650391586.0,5142898200.0,36,Industrials
